2520 4044
417 956 669 1032 LIBER
713 959 783 1036 ΠΙ.

178 1230 395 1294 Athenienses
408 1235 437 1287 et
446 1227 696 1290 Lacedaemonios
709 1238 777 1290 ante
789 1231 965 1294 Macedonas
978 1253 1080 1296 rerum

81 1319 212 1398 potitos
234 1316 329 1394 prisci
346 1311 486 1373 locuntur
500 1312 631 1374 annales.
663 1317 772 1375 Verum
788 1316 866 1394 apud
884 1318 1081 1379 Athenienses

84 1421 153 1462 non
170 1400 284 1461 solum
302 1399 347 1458 rei
362 1395 485 1459 bellicae
499 1398 550 1458 sed
567 1401 654 1460 etiam
667 1399 853 1459 diuersarum
866 1403 974 1461 artium
987 1405 1082 1480 uiguit

84 1486 271 1552 industria,
296 1481 538 1543 Lacedaemoniis
560 1489 658 1544 aulem
679 1485 839 1563 praecipua
860 1485 917 1546 suit
931 1505 1001 1546 cura
1017 1486 1079 1547 hel·

87 1572 211 1632 lorum.
264 1567 359 1628 Primi
380 1567 509 1643 denique
531 1568 732 1646 experimenta
754 1585 919 1646 pugnarum
936 1571 971 1630 de
988 1588 1107 1633 enen-c

88 1656 179 1717 tibus
211 1651 393 1729 colligentes
418 1659 511 1712 artem
536 1652 718 1730 proeliorum
744 1655 900 1732 scripsisse
925 1657 1081 1718 lirmautur

91 1758 200 1820 usque
228 1757 282 1806 eo,
305 1748 421 1796 utrem
443 1735 616 1806 militarem,
639 1755 714 1816 quae
735 1740 843 1799 uirtute
858 1740 919 1799 sola
936 1740 983 1802 uel
999 1750 1080 1802 certe
1131 1771 1134 1780 .

91 1825 251 1885 felicitate
277 1820 409 1882 creditur
435 1821 595 1888 contineri,
627 1821 663 1881 ad
690 1821 874 1901 disciplinam
897 1826 1080 1904 peritiaeque

95 1909 209 1970 studia
236 1910 417 1966 renouarent
436 1923 470 1965 ac
491 1907 648 1982 magistros
670 1925 836 1977 armorum,
860 1926 933 1986 quos
954 1911 1078 1971 teeticos

95 1992 353 2073 appellauerunt,
374 1991 556 2050 iuuentutem
573 2007 656 2051 suam
672 2009 757 2052 usum
775 1993 1007 2071 uarietatemque
1023 2013 1077 2072 pu·
1094 2009 1119 2049 ro

97 2077 224 2155 gnandi
240 2077 448 2154 praeciperent
464 2073 600 2135 edocere.
623 2074 647 2136 0
664 2078 744 2137 uiros
759 2094 873 2138 summa
885 2077 1079 2139 admiratione

98 2160 291 2228 laudandos,
315 2161 365 2234 qui
387 2177 452 2218 eam
475 2161 634 2238 praecipue
649 2168 743 2220 artem
761 2161 893 2222 ediscere
909 2163 1077 2234 uoluerunt,

98 2249 170 2308 sine
195 2262 254 2321 qua
276 2242 350 2304 aliae
372 2251 450 2303 artes
474 2259 613 2304 essenon
632 2246 768 2323 possuntt
792 2245 904 2307 llorum
920 2255 1079 2327 sequentes

100 2332 245 2390 instituta
267 2327 391 2388 Romani
411 2329 506 2388 Martii
527 2329 626 2407 operis
647 2339 804 2408 praecepta
827 2339 856 2390 et
877 2350 931 2390 usu
947 2333 1078 2392 retinue-

103 2423 181 2475 runt
199 2420 229 2473 et
242 2413 350 2472 litteris
371 2412 577 2491 prodiderunt.
624 2413 704 2484 Quae
721 2433 774 2492 per
789 2414 926 2475 diuersos
942 2423 1079 2476 auctores
1094 2441 1119 2482 15

103 2499 264 2577 librosque
278 2496 592 2576 dispersa,inrperator
603 2499 724 2568 inuicte,
735 2499 969 2559 mediocritatem
983 2518 1080 2561 ursam

106 2584 289 2643 abbreuiare
309 2582 437 2650 iussisti,
460 2600 498 2642 ne
515 2581 561 2642 uel
584 2583 732 2644 fastidium
749 2591 921 2644 nasceretur
936 2603 971 2644 ex
988 2585 1078 2664 pluri·

105 2671 165 2728 mis
191 2666 239 2726 uel
260 2665 413 2745 plenitudo
433 2666 500 2726 fidei
523 2666 638 2728 deesset
659 2670 688 2727 in
705 2671 815 2747 paruis.
861 2669 1010 2740 Quantum
1027 2689 1078 2731 au·

127 2837 161 2888 V.
175 2836 209 2886 L.
264 2835 463 2885 lmacedones
473 2834 502 2885 H
560 2835 773 2901 eloquuntum
831 2837 1080 2902 3reipubliceed

182 2906 197 2953 5
216 2903 251 2951 de
265 2897 370 2968 cuent]
390 2903 423 2952 de
443 2902 590 2954 edentibus
597 2906 628 2954 A’
726 2908 740 2955 7
759 2904 817 2954 rota
830 2920 862 2953 ec
876 2904 951 2954 felic.
966 2905 994 2957 Π

110 2975 126 3024 8
144 2959 343 3036 disciplineel
433 2973 449 3021 9
467 2971 622 3020 reuocarint
639 2969 683 3021 dP
772 2975 801 3020 11
821 2973 1014 3039 praeciperent
1029 2971 1079 3037 μΠ

108 3040 297 3104 praeciperint
311 3037 344 3087 A’
357 3040 550 3103 praeceperint
563 3037 607 3088 dP
662 3042 691 3088 11
706 3039 817 3089 edoceri
830 3038 873 3090 dP
917 3044 945 3091 ll
961 3039 1080 3162 ‘’mmll

110 3105 322 3172 qnisnonhoslt
379 3109 410 3156 13
430 3102 642 3172 [sequenteslsl
694 3110 725 3157 14
744 3106 847 3158 usuml.
898 3111 1037 3159 retinuere

112 3247 123 3290 t
171 3177 211 3289 11Ὶῖ
231 3174 396 3224 abbreuiere
410 3173 438 3224 Π
451 3173 613 3224 adbreuiare
628 3172 687 3224 εδΡ
764 3175 795 3226 18
814 3173 933 3243 deesset]
947 3177 1077 3227 delicere·

124 3257 156 3290 ur

128 3375 160 3426 S.
172 3377 203 3425 L.
258 3378 271 3424 1
291 3375 477 3425 machedones
491 3373 661 3439 (—sGM-)
675 3394 694 3428 α
774 3381 789 3429 2
808 3373 922 3443 potitos]
940 3375 1068 3440 potiusA

178 3447 195 3494 4
213 3442 451 3494 leehedaemoniis
459 3445 494 3494 M
561 3447 575 3494 7
594 3441 711 3510 uirtute]
725 3444 869 3508 uirtuteA,
942 3444 972 3492 10
989 3441 1061 3492 usum

113 3511 189 3576 osup
262 3513 290 3560 11
313 3512 503 3561 ammiratione
516 3511 547 3562 Π
614 3514 645 3560 12
663 3509 827 3577 laudandos]
842 3507 997 3560 laudandus
1005 3510 1037 3574 A,

112 3581 142 3627 14
160 3579 256 3628 mercii
268 3579 305 3629 M
