2500 4034
490 902 740 976 LIBER
779 903 836 977 Π.

610 1090 712 1098 -—-

368 1203 542 1292 [Iucipiunt
564 1205 703 1289 capitula
724 1204 798 1267 libri
821 1203 967 1270 secundi:

256 1383 275 1438 l.
299 1382 328 1437 lu
345 1390 413 1454 quot
428 1397 528 1454 genera
544 1381 680 1436 diuidutur
696 1398 740 1436 res
756 1379 890 1436 militaris.

246 1467 276 1520 ll.
301 1466 370 1533 Quid
385 1467 456 1520 inter
469 1467 596 1538 legiones
612 1474 639 1521 et
655 1466 753 1521 auxilie
768 1465 887 1522 intersit.

233 1549 275 1604 lll.
300 1551 373 1617 Quae
389 1567 470 1605 causo
486 1551 622 1604 exhauriri
639 1549 736 1605 iecerit
752 1550 885 1622 legiones.

218 1634 272 1690 llll.
296 1634 433 1702 Quoteuus
448 1633 572 1708 legiones
589 1635 693 1707 antiqui
709 1635 742 1690 ad
758 1634 858 1690 helhum
873 1634 1007 1690 duxerint.

150 1739 163 1779 5
243 1718 273 1773 V.
298 1719 527 1787 Quemadmodum
543 1718 616 1792 legio
632 1719 825 1775 constituetur.

230 1802 269 1858 Vl.
294 1803 366 1872 Quot
385 1805 514 1860 cohortes
534 1805 561 1858 in
583 1820 637 1858 una
658 1806 714 1859 sint
730 1802 857 1876 legione,
879 1805 944 1858 item
961 1810 1031 1878 quot
1045 1803 1165 1864 milites

350 1887 377 1942 in
393 1904 445 1944 uun
462 1887 576 1943 cohorte
592 1890 657 1943 sint.

223 1970 275 2026 Vll.
297 1971 410 2027 Nomina
427 1981 454 2027 et
470 1972 568 2045 gradus
586 1971 784 2046 principiorum
799 1971 927 2044 legionis.

212 2055 272 2111 Vlll.
296 2055 409 2112 Nomina
424 2073 529 2127 eorum,
546 2058 592 2130 qui
609 2057 735 2132 antiquos
752 2057 861 2114 ordines
877 2055 1019 2113 ducebant.

137 2149 164 2188 10
200 2139 274 2197 Vllll.
298 2141 439 2197 heodicio
458 2142 589 2215 preelecti
605 2141 732 2216 legionis.

240 2225 272 2280 X.
297 2225 439 2282 heodicio
456 2227 584 2300 praelecti
599 2234 762 2283 castrorum.

230 2310 271 2366 xl.
296 2311 331 2367 [te
347 2310 438 2368 officio
454 2311 585 2386 preelecti
601 2311 750 2368 labrorum.

241 2475 336 2524 Flauii
358 2475 460 2540 Vegcti
481 2474 594 2538 (Vegeti
612 2476 653 2540 Gp
688 2476 756 2538 Veg.
776 2475 810 2535 D)
833 2474 936 2524 Renoti
961 2475 1011 2523 Vir
1027 2473 1099 2538 (Viri
1117 2477 1156 2543 Q)

173 2540 267 2592 Inlust.
293 2543 353 2604 (Iul.
374 2543 405 2606 Q)
432 2540 549 2592 Comitis
566 2543 697 2604 Epitomo
722 2540 880 2608 (Epithomo
902 2541 934 2601 Q)
958 2541 1157 2595 Inuitutorum

174 2608 344 2672 (Institurum
359 2610 391 2672 θ)
409 2609 461 2658 Rei
476 2608 609 2659 Militaril
622 2610 664 2659 De
684 2608 895 2660 Commentariis
894 2609 1108 2684 icomentoriil'
1115 2617 1155 2675 μ)

174 2675 288 2726 'l'rnieni
306 2677 342 2725 Et
357 2676 470 2726 Adriani
482 2678 506 2727 N
509 2692 541 2726 ec
558 2691 612 2726 non
625 2676 717 2727 Etiam
729 2678 858 2727 Frontini
875 2687 930 2741 aug
944 2676 1100 2741 (Augustini
1115 2680 1152 2747 G¹

173 2743 290 2808 Augusti
302 2745 353 2794 VII
369 2744 401 2808 G,
414 2743 596 2805 Augustorum
608 2745 644 2808 D)
657 2743 719 2810 ung
730 2744 844 2795 Troiani
861 2747 897 2794 Et
910 2745 1024 2794 Adriani
1036 2760 1062 2794 n.
1077 2759 1104 2796 n.
1121 2763 1151 2801 o.

173 2811 304 2861 Frontini
314 2812 345 2877 μ)
359 2813 461 2878 Incipit
474 2810 653 2877 Capitulntio.
671 2813 757 2862 Liber
767 2813 910 2863 Secundus
920 2811 1033 2877 (Incipit
1043 2811 1153 2876 cprnto

174 2893 227 2962 mi
246 2898 295 2963 sir
315 2915 349 2976 o;
374 2911 452 2980 Inois)
471 2896 563 2978 capiri
581 2897 633 2965 nio
652 2912 735 2964 eaeor
751 2913 785 2974 o;
809 2910 843 2979 [r.
863 2929 885 2963 e.
904 2915 935 2963 n.
955 2893 995 2979 eL]
1017 2913 1085 2975 Mo)
1106 2917 1150 2965 so

174 2979 275 3030 Abeunt
291 2982 354 3031 doec
371 2985 453 3032 cronia
470 2999 486 3031 o
502 2981 560 3033 HV
560 2983 596 3040 P‚·
620 2990 730 3034 ceterum
746 2983 806 3031 uide
824 2997 888 3046 quoe
906 2983 1024 3044 adfinem
1035 2998 1149 3046 procee—

175 3048 258 3102 dentie
270 3049 329 3100 h'hri
341 3052 524 3100 adnotaremus.

247 3184 352 3248 lquod
371 3200 389 3233 α
444 3185 470 3234 in
490 3199 541 3248 quo
560 3183 721 3250 generel'd
791 3186 932 3249 eorum
973 3186 1093 3234 exauriri
1112 3185 1148 3236 ed

241 3255 257 3302 4
277 3253 384 3316 erotni
393 3251 423 3302 H
469 3251 604 3317 quotenos
614 3251 634 3314 Q
652 3259 700 3314 tto,
720 3257 747 3302 ut
760 3267 793 3302 en
811 3255 837 3302 in
850 3256 865 3304 l.
879 3269 916 3304 er.
929 3269 953 3303 α.
968 3269 998 3302 m.
1013 3255 1037 3302 2.
1050 3255 1144 3318 script.

172 3321 252 3372 ster
334 3321 503 3369 4duxerunt
521 3318 579 3372 εὸΡ
662 3320 844 3370 ssehohortel
861 3318 882 3379 Q
972 3319 1080 3382 quoda

174 3385 252 3454 [item
267 3414 296 3424 -
313 3385 382 3454 coln]
403 3403 449 3438 om.
464 3403 477 3440 e
493 3392 520 3438 et
534 3391 599 3453 quot
616 3388 718 3438 milites
731 3388 760 3438 in
777 3403 833 3438 nnn
850 3387 961 3438 cohorte
980 3387 1033 3436 lint
1048 3390 1146 3452 portior

172 3457 199 3506 in
212 3463 334 3506 contemtu
344 3460 438 3520 partlm
451 3458 476 3506 in
488 3458 601 3520 margine
613 3472 666 3514 eoo,
680 3457 832 3514 occidetur,
846 3455 954 3506 arbitrio
968 3457 1107 3520 adscripsit
1119 3457 1145 3505 P

216 3525 231 3572 o
246 3523 373 3573 dixerunt
388 3523 416 3574 tl
436 3523 570 3573 duxerunt
583 3521 627 3574 oP
661 3527 689 3573 ll
706 3522 827 3589 prefatio
840 3538 908 3575 corr.
922 3525 947 3573 in
959 3523 1097 3588 profectio
1110 3525 1147 3574 M
