2500 4034
503 197 567 250 aaa,
584 198 606 256 1,
626 199 650 248 a.
1021 197 1058 260 13

92 352 148 410 nisi
173 359 208 411 ut
223 352 359 410 exercitio
380 349 533 409 ambulare
554 348 692 410 celeriter
711 359 739 410 et
754 350 916 428 aequaliter
932 350 1056 412 discant.

92 435 262 496 Periculum
278 435 355 494 enim
372 434 410 494 ab
425 432 560 494 hostibus
575 452 694 512 semper
709 438 916 512 grauissimum
933 439 1058 496 sustinet

90 519 211 580 diuisus
226 529 254 579 et
268 519 450 579 inordinatus
472 518 625 578 exercilus.
670 519 790 579 Militari
809 538 880 596 ergo
896 521 989 596 gradu
1006 520 1057 580 XX

90 603 175 664 milia
206 621 341 683 passuum
372 604 454 663 lmris
483 605 613 680 quinque
643 603 794 664 dumtaxat
820 605 941 665 aestiuis
968 605 1059 664 consr-

89 689 203 748 oienda
218 698 296 749 sunt.
327 687 419 748 l'leno
435 696 533 748 aulem
550 687 651 764 gradu,
669 690 718 767 qui
734 689 852 748 citatior
868 697 920 756 est,
938 689 1085 749 totidenro

91 772 179 833 lroris
197 773 303 834 XXllll
317 772 396 832 milia
418 771 586 851 peragenda
609 779 686 832 sunt.
733 773 878 852 Quicquid
899 772 1058 841 addideris,

89 859 149 917 iam
168 877 270 919 cursus
285 865 338 925 est,
356 858 440 917 cuius
455 857 582 934 spatium
597 875 657 916 non
672 865 769 935 potest
785 858 910 917 definiri.
957 857 1015 918 Sed
1032 867 1060 918 et

88 960 182 1002 cursu
206 943 365 1022 praecipue
386 941 607 1002 adsuelaciendi
629 948 698 1001 sunt
721 944 866 1011 iuniores,
894 953 925 1003 ut
946 943 1060 1002 maiore

90 1028 203 1103 impetn
223 1029 254 1086 iu
270 1026 387 1086 hostem
403 1033 595 1104 procurrant,
619 1033 651 1085 ut
666 1026 730 1085 loca
748 1035 893 1105 oportuna
910 1027 1056 1096 celeriter,

91 1129 163 1171 cunr
178 1129 247 1172 usus
263 1111 430 1179 aduenerit,
448 1120 595 1188 occupent
611 1109 658 1170 uel
674 1109 852 1171 aduersariis
868 1111 946 1172 idem
960 1112 1057 1171 lacere
1074 1129 1098 1167 ιο

93 1195 257 1256 uolentibus
288 1202 522 1272 praeoccupent,
553 1202 586 1254 ut
611 1194 647 1254 ad
679 1194 893 1274 explorandum
924 1196 1061 1256 alacriter

96 1289 232 1358 pergant,
261 1279 389 1340 alacrius
414 1279 553 1348 redeant,
582 1286 615 1337 ut
641 1278 814 1356 lugientium
841 1278 957 1339 facilius
977 1287 1060 1356 terga

94 1365 346 1443 conprehendant.
390 1363 433 1424 la
449 1363 555 1424 saltum
573 1363 676 1430 etiam,
701 1381 760 1440 quo
776 1363 825 1423 uel
841 1363 937 1423 lassae
952 1365 1060 1423 transi·

95 1448 205 1510 liuntur
225 1448 274 1510 uel
295 1447 453 1525 inpediens
473 1447 569 1526 aliqua
585 1447 707 1508 altitudo
724 1456 896 1526 superatur,
920 1466 1061 1508 exercen-

96 1533 149 1594 dus
169 1543 213 1594 est
235 1532 337 1602 miles,
361 1541 406 1602 ut,
430 1551 496 1592 cum
520 1533 666 1592 eiusmodi
686 1532 874 1593 dillicultates
895 1534 1100 1600 euenerint,1a

98 1619 208 1694 possint
228 1620 294 1678 sine
316 1615 419 1676 labore
434 1619 573 1676 transire.
619 1617 777 1678 Praeterea
792 1619 822 1678 in
840 1619 905 1696 ipso
921 1617 1061 1678 conflictu

98 1721 131 1761 ac
153 1701 340 1763 dimicatione
361 1701 490 1762 telorum
512 1699 638 1760 bellator
661 1719 727 1761 cum
749 1720 838 1762 cursu
859 1701 993 1779 saltuque
1011 1719 1062 1760 ue-

98 1789 179 1848 niens
204 1787 371 1848 aduersarii
399 1787 572 1864 perstringit
595 1786 695 1846 oetrlos
716 1793 907 1864 mentemque
930 1786 1062 1844 deterret

99 1872 236 1948 priusque
258 1871 375 1950 plagam
398 1869 518 1949 inlligit,
541 1887 628 1945 quam
650 1869 699 1930 ille
721 1870 757 1932 ad
779 1870 944 1932 cauendum
963 1869 1008 1930 nel
1026 1869 1061 1930 ad

99 1957 293 2024 resistendum
312 1961 393 2016 certe
408 1972 441 2016 se
456 1963 623 2033 praeparet.
668 1955 709 2015 lle
727 1957 867 2015 exercitio
884 1954 958 2015 Gnei
974 1953 1060 2014 Pom·
1077 1958 1102 1998 ²⁰

99 2042 145 2117 pei
158 2041 255 2117 Magni
272 2038 429 2100 Sallustius
450 2049 596 2099 memorat
616 2039 693 2099 ‘cum
717 2038 865 2100 alacribus
881 2039 972 2108 saltu,
996 2057 1062 2097 cunr

101 2124 249 2185 uelocibus
279 2143 387 2193 cursu,
417 2141 483 2183 cum
511 2122 616 2183 ualidis
646 2132 733 2186 necte
764 2123 917 2184 certabat?
962 2123 1064 2201 Neque

100 2211 176 2268 enim
197 2210 248 2268 ille
270 2208 356 2270 aliter
377 2209 521 2286 potuisset
536 2227 590 2286 par
605 2226 671 2268 esse
687 2209 834 2277 Sertorio,
858 2210 915 2268 nisi
930 2225 1020 2286 seque
1037 2217 1065 2265 et

119 2361 146 2413 l,
162 2362 191 2409 L.
250 2365 263 2410 1
284 2361 338 2409 nisi
355 2364 386 2408 nt
404 2361 535 2409 exercitio
549 2357 627 2420 ot'QP
660 2360 716 2418 olli
732 2364 762 2408 ut
779 2359 885 2410 assiduo
904 2355 1065 2408 exercitiod*

102 2428 149 2477 nili
165 2429 270 2478 aliiduo
291 2443 333 2476 ex.
348 2425 376 2475 Π
398 2427 451 2476 nisi
468 2427 600 2476 exeruitio
620 2427 641 2476 G
675 2427 727 2476 nili
744 2429 802 2492 iugi
823 2442 865 2476 ex.
884 2424 996 2475 Oudend.

103 2497 118 2542 2
131 2494 243 2562 semper]
260 2497 341 2559 saepe
355 2492 373 2544 d
397 2495 430 2544 In
442 2495 603 2559 separantibus
615 2498 707 2545 litteris
719 2509 834 2545 nurreros
847 2493 901 2542 XX
909 2499 934 2543 et
945 2493 1066 2542 XXIIII

101 2567 242 2628 eaprrimunt
253 2568 362 2627 praeter
374 2563 398 2610 A
403 2563 424 2612 G
435 2578 520 2612 onruea
532 2565 588 2613 cod.
651 2565 665 2613 7
681 2562 788 2613 definiri
800 2561 874 2612 ocHI?
890 2561 1005 2611 definire
1022 2560 1067 2620 VQ

102 2631 219 2681 diffinire
231 2633 256 2680 I)
311 2635 340 2680 et
353 2627 441 2695 cursu]
458 2629 495 2680 ad
508 2631 612 2680 cursum
621 2631 658 2694 fr.
672 2631 745 2680 Eine.
795 2631 826 2680 10
844 2627 917 2693 usos]
928 2629 976 2678 usu
989 2627 1019 2677 Π

107 2701 133 2748 ll
148 2695 289 2763 alacriter]
304 2697 435 2748 celeriter
447 2697 477 2748 Π
520 2700 551 2746 12
563 2703 648 2761 utque
658 2699 753 2763 srapm.
767 2698 841 2750 Eine.
880 2694 971 2762 [terga
984 2693 1020 2760 c]
1035 2699 1067 2760 P¹

101 2771 177 2832 terga
189 2768 336 2816 incurrent
348 2767 383 2829 P,
396 2763 432 2830 (in
444 2765 569 2829 margine)
638 2767 669 2815 16
708 2766 788 2816 olunt
802 2764 822 2814 0
840 2766 923 2830 possit
935 2769 1016 2828 eulpa.

104 2835 133 2884 ta
151 2834 329 2898 praestringit
343 2831 402 2882 HV
453 2835 484 2884 18
502 2783 705 2898 mentemlqueff
717 2834 742 2882 d.
757 2831 785 2880 Π
836 2834 869 2882 20
888 2832 920 2881 de
934 2833 1068 2882 exercita-

103 2901 216 2952 tioueH
264 2897 385 2966 [Gneile
452 2903 484 2950 21
504 2901 633 2950 salustius
641 2899 691 2963 prr'
707 2902 744 2964 fr.
758 2900 831 2954 Eine.
894 2902 927 2950 23
946 2899 1068 2964 sequeet

102 2965 212 3034 milites]
229 2970 255 3018 se
269 2972 298 3018 et
311 2969 372 3018 suos
380 2967 482 3019 milites
491 2967 538 3029 QP
571 2969 597 3018 se
616 2973 643 3018 et
658 2984 692 3017 m.
706 2969 769 3032 ΑΛ)
804 2969 885 3033 leque
902 2984 937 3022 m,
955 2969 980 3016 V

106 3063 305 3070 -—.-—--—-—-

119 3103 189 3156 S.L,
243 3103 391 3168 4gradum
404 3102 432 3154 α’
503 3103 822 3170 4111ἰΙίαέρηΓΓιιωηΑ
891 3105 1068 3154 4dumtaxat

106 3169 223 3236 aestiuis]
238 3171 399 3221 dumtaxata
416 3171 431 3222 ἐ
447 3171 501 3222 iuis
516 3167 630 3238 (estiuis)
645 3171 673 3222 α’
744 3175 759 3222 5
778 3171 870 3236 pleno]
890 3173 973 3236 plena
990 3172 1026 3220 M

105 3239 219 3303 liboris]
238 3239 294 3288 oris
302 3240 336 3290 M
382 3234 719 3305 tensusque-ezri
777 3237 1067 3298 eadsoaetacienotp

168 3308 307 3358 Smaiore
319 3305 433 3374 impetu]
448 3308 576 3358 maiorem
592 3305 629 3371 (e
641 3307 674 3370 A)
710 3309 841 3372 impetum
854 3309 896 3370 Αμ
947 3303 1068 3378 9111110-

108 3389 181 3458 stem]
202 3393 232 3440 in
244 3389 362 3442 honen
421 3394 451 3440 12
470 3389 598 3456 pergant]
613 3407 727 3456 pergere
742 3389 810 3440 etti
880 3391 911 3438 13
930 3386 1066 3449 conphen-

107 3459 284 3524 danti-prae·
298 3457 342 3524 M)
356 3458 383 3510 α’
421 3457 695 3524 comprehendautli
729 3455 793 3524 quo]
810 3471 879 3521 quoe
893 3456 928 3506 M
979 3456 1009 3504 tt
1023 3455 1069 3504 de-

108 3527 280 3578 micatiouem
293 3529 314 3577 A
383 3529 413 3576 21
434 3527 528 3592 magni
541 3524 571 3592 s]
592 3525 726 3591 magnils.
739 3529 760 3575 A
