2520 4044
210 223 251 287 72
583 224 645 274 niu.
664 224 717 282 111,
736 226 761 272 4.
781 225 806 276 n.

209 385 271 438 tum
305 375 340 435 ad
373 374 548 436 modestiam
579 374 663 435 labor
696 384 725 435 et
754 394 826 438 usus
857 379 988 440 instituit
1013 400 1113 461 qnam
1146 383 1220 453 illi,

210 477 336 541 qnorum
362 459 470 521 milites
497 460 533 520 ad
560 459 777 520 oboedientiam
805 461 1022 541 suppliciorum
1049 465 1217 530 formido

210 545 359 624 conpellit.

295 633 327 691 V.
350 630 441 691 Multa
469 629 587 709 quidem
613 635 683 688 suut
707 628 847 690 discenda
873 638 962 710 atque
987 633 1215 700 obseruanda

184 715 423 796 epugnantibus,
447 713 593 790 siquidem
616 711 694 773 nulla
716 715 754 772 sit
776 715 982 792 neglegentiae
997 721 1110 789 uenia,
1147 723 1214 782 ubi

211 802 246 862 de
263 800 356 862 salute
372 805 512 860 certatur.
543 797 600 858 Sed
616 798 695 858 inter
709 797 823 877 reliqua
841 799 912 860 nihil
927 803 1021 880 magis
1034 804 1073 864 ad
1086 807 1216 868 uicie-

209 889 282 946 riam
304 883 421 963 proficit
436 900 522 962 quam
538 883 657 942 munitis
672 881 880 961 obtemperare
896 887 1058 962 signorum.
1108 891 1146 950 N
1149 909 1213 951 arn

211 988 277 1030 cum
300 986 372 1028 uoce
393 967 455 1028 sola
476 969 553 1027 inter
575 966 758 1044 proeliorum
781 968 924 1029 tumultus
939 972 1004 1050 regi
1019 972 1215 1035 multitudo

210 1072 270 1115 non
285 1054 393 1132 possit,
416 1059 528 1112 etcum
550 1069 606 1130 pro
628 1053 804 1114 necessitate
826 1071 926 1114 rernm
945 1053 1032 1134 plura
1049 1074 1089 1117 ex
1107 1067 1210 1120 tem-

171 1161 197 1200 10
209 1157 283 1219 pure
303 1136 429 1198 iubenda
451 1145 539 1213 atque
556 1135 688 1197 iacienda
705 1138 778 1204 sint;
803 1139 940 1216 antiquus
956 1143 1092 1202 omnium
1109 1162 1212 1221 geu-

209 1226 282 1284 tium
303 1241 372 1284 usus
393 1223 523 1291 inuenit,
551 1221 698 1298 quomodo
721 1221 800 1297 quod
824 1221 904 1282 solus
926 1223 986 1283 dux
1006 1224 1081 1286 utile
1104 1229 1206 1290 iudi—

210 1315 305 1370 casset
320 1327 374 1387 per
391 1309 472 1385 signa
489 1313 568 1368 totus
583 1312 760 1383 agnosceret
775 1315 804 1366 et
818 1319 995 1383 sequeretur
1012 1315 1201 1374 exercitae.

209 1394 278 1455 Tria
301 1394 400 1472 itaque
422 1409 532 1470 genera
548 1397 663 1452 constat
679 1407 743 1450 esse
764 1392 930 1468 signorum,
954 1392 1068 1454 nonalia
1086 1401 1203 1458 semi-

210 1477 323 1538 uoealia
341 1485 430 1538 muta.
476 1476 607 1547 Quorum
623 1474 737 1536 uocalia
754 1484 783 1535 et
797 1475 986 1537 semiuocalia
1003 1481 1203 1560 percipiun-

172 1581 196 1620 15
211 1572 260 1624 tm·
287 1561 426 1627 auribus,
453 1568 627 1621 mutauere
650 1561 819 1620 reseruntur
840 1560 876 1620 ad
898 1560 1008 1622 oculos.
1055 1565 1196 1626 Vocalia

210 1647 350 1708 dicuntur
362 1662 438 1722 quae
451 1663 524 1704 uoce
535 1644 664 1704 humana
677 1646 919 1723 pronuntiantur,
930 1646 1007 1707 sicut
1022 1647 1053 1706 in
1066 1650 1202 1728 uigiliis

211 1730 256 1792 uel
279 1732 309 1791 in
329 1729 444 1809 proelio
463 1745 518 1806 pro
539 1732 623 1808 signo
647 1729 770 1797 dicitur,
792 1735 919 1806 utputa,
937 1732 1060 1791 uictoria
1077 1734 1196 1812 palma

209 1816 401 1885 uirtus,lteus
412 1814 578 1882 nobiscum,
591 1814 758 1892 triumphus
768 1815 955 1892 imperatoris
966 1822 995 1875 et
1006 1814 1071 1885 alia,
1085 1835 1193 1896 quae-

209 1917 337 1978 cumque
354 1898 481 1960 uoluerit
502 1899 573 1958 dare
589 1900 628 1968 is,
653 1900 747 1974 quiin
765 1900 896 1959 exercitu
913 1898 1003 1960 habet
1017 1904 1193 1962 inanimam

165 1991 395 2064 nopotestatem.
441 1982 601 2044 Sciendum
625 1989 724 2043 tamen
750 1992 795 2043 est
821 1985 874 2043 ista
900 1983 1044 2044 uocabula
1067 1988 1196 2048 cotidie

209 2067 319 2129 dehere
334 2069 457 2134 uariari,
476 2085 513 2128 ne
530 2085 565 2128 ex
581 2085 635 2128 usu
652 2068 769 2144 signum
786 2067 885 2128 hostes
902 2077 1065 2146 agnoscant
1080 2081 1111 2131 et
1128 2091 1190 2132 ex-

210 2153 361 2233 plorantes
387 2154 466 2213 inter
493 2158 611 2214 nostros
632 2160 791 2214 uersentur
810 2155 931 2230 inpune.
977 2153 1191 2218 Semiuocalia

208 2245 276 2299 sunt
307 2256 381 2317 qnae
409 2255 461 2314 per
487 2237 586 2299 tubam
612 2246 662 2298 aut
689 2255 781 2297 cornu
809 2245 859 2298 aut
886 2237 1022 2298 bucinam
1051 2238 1189 2310 dantnr;

209 2323 277 2383 tuba
299 2341 374 2403 qnae
396 2322 507 2384 directa
529 2332 573 2384 est
593 2321 772 2402 appellatum
800 2321 907 2382 bucina
930 2340 1005 2400 quae
1027 2325 1058 2383 in
1080 2335 1189 2386 semet

170 2428 195 2467 aa
209 2427 297 2470 aereo
324 2408 436 2470 circulo
460 2410 603 2476 ilectitur;
634 2424 726 2468 cornu
751 2406 826 2484 qnod
856 2425 889 2466 ex
911 2408 973 2467 uris
994 2407 1185 2484 agrestibus

211 2554 413 2562 -ω-η---οιῃ-

226 2627 258 2677 V.
272 2627 304 2675 L.
358 2629 374 2673 2
393 2625 509 2675 formido
523 2625 609 2689 suppl.
624 2624 669 2674 dP
736 2629 751 2676 3
770 2623 910 2689 conpellat
922 2622 950 2675 α’

278 2691 344 2742 Cur.
357 2692 391 2742 V,
438 2695 455 2740 4
473 2691 602 2741 discenda
613 2693 662 2742 ιιΠ
675 2691 790 2742 dicenda
801 2691 835 2742 A’
850 2691 994 2743 ediscenda
1008 2693 1048 2755 (et
1060 2692 1125 2744 dile.
1143 2696 1187 2756 V)

210 2757 254 2810 dP
320 2762 335 2810 ὅ
354 2758 549 2824 neglegentiae
567 2757 617 2822 μετ’
635 2759 823 2824 negligentiae
843 2758 1070 2826 Pnegligentine
1088 2764 1110 2811 A
1128 2777 1185 2810 ne-

209 2827 369 2894 glegentid
456 2830 487 2878 10
505 2825 643 2892 antiquus]
664 2825 855 2892 antiquitati]
941 2830 972 2877 14
992 2823 1044 2894 [et]
1059 2828 1184 2878 semino-

209 2893 328 2945 caliaH
407 2898 437 2945 1⁷
456 2894 728 2956 uictoriae(-acorr.
742 2894 880 2956 inatel
961 2897 992 2945 21
1012 2896 1116 2946 uariari
1131 2897 1183 2946 de-

207 2963 273 3012 bere
287 2960 316 3010 11
395 2966 425 3012 21
448 2959 499 3028 [et]
516 2962 693 3027 explorantes
702 2961 731 3012 Π
810 2965 842 3013 23
861 2958 955 3028 corna]
972 2977 1100 3013 cornuae

207 3033 240 3079 ‘34
259 3029 539 3094 appellaturbacina.
565 3028 681 3095 quaeH
742 3027 835 3096 semet]
851 3029 868 3079 1.
883 3029 984 3096 ipiai'l
1037 3031 1183 3081 26118011-

208 3093 263 3162 tur]
278 3097 305 3145 fl.
320 3096 432 3147 tubali

226 3281 298 3333 S.L.
351 3281 564 3347 eeompellitss

276 3348 342 3399 Cur.
357 3349 388 3398 V.
447 3352 478 3398 la
497 3345 671 3415 agnosceret]
691 3347 925 3412 agnoscereturll
1003 3352 1033 3402 15
1052 3347 1176 3398 referun-

206 3415 261 3482 tur]
278 3424 442 3482 repertantur
455 3415 483 3466 Π
558 3421 588 3468 11
607 3419 635 3466 in
647 3415 765 3483 proelio]
781 3420 810 3468 in
822 3418 929 3483 proelio
943 3419 967 3466 Α
1038 3419 1069 3467 19
1087 3411 1121 3482 11]
1137 3415 1183 3467 lrii'

208 3484 257 3535 oH
314 3488 345 3536 19
365 3480 501 3550 exercitu]
517 3486 639 3535 exercito
652 3486 688 3538 M
751 3489 783 3536 20
803 3485 917 3534 cottidie
932 3490 974 3551 ἅμ
1036 3486 1067 3533 21
1087 3497 1175 3550 agnu-

207 3550 284 3601 scant
297 3553 328 3616 A,
399 3555 431 3600 22
448 3553 560 3616 impune
574 3552 602 3602 Π
672 3555 704 3602 23
722 3550 801 3619 tuba]
817 3553 897 3602 turbu
910 3553 948 3618 Hp
