2520 4044
204 231 264 296 104
588 231 650 285 nro.
669 230 726 294 111,
747 233 785 280 1e.

202 394 252 446 aut
267 392 347 446 certe
364 385 476 452 dextro,
495 384 574 462 quod
590 382 660 444 licet
674 399 743 444 raro
759 383 912 460 contingit,
932 384 1225 449 circumuenien-

201 472 349 531 turtula
372 470 561 530 multitudine
587 468 717 528 bostium
749 475 800 529 aut
821 487 837 529 a
859 467 1035 545 ungentibus
1065 468 1218 546 globis»,

202 571 276 632 quos
293 555 396 616 dicunt
411 555 552 632 drungos.
586 551 711 622 Quodsi
727 553 878 623 acciderit,
895 571 986 613 rrnum
1004 554 1216 619 remedium

200 648 253 710 est,
272 649 304 701 ut
320 639 395 700 alam
411 657 564 718 cornuque
579 635 705 717 replices
720 646 749 697 et
765 637 915 707 rotundos,
936 645 1084 715 quatenus
1103 659 1209 702 con-

173 746 186 786 5
200 727 279 786 uersi
296 727 339 786 tui
354 727 505 786 sociorum
522 732 603 801 terga
621 722 790 782 defendant.
830 722 887 784 Sed
904 724 934 781 in
950 721 1060 800 angulo
1076 725 1213 802 ipsius

199 811 394 870 extremitatis
415 809 567 869 fortissimi
590 805 798 876 conlocentur,
822 809 888 884 quia
905 806 944 866 ibi
961 809 1094 886 impetus
1113 829 1206 872 am·

199 894 276 972 plior
303 895 366 953 lieri
393 897 555 954 consueuit.
603 892 676 952 item
704 891 863 953 aduersum
887 909 1014 954 cuneum
1038 892 1204 958 bostium

199 979 287 1037 certis
302 979 451 1038 resistitur
468 977 572 1036 modio.
597 977 717 1037 Cuneus
733 976 842 1036 dicitur
853 975 1011 1036 multitudo
1024 977 1204 1054 pediturn,

198 1079 273 1142 quae
295 1063 394 1122 iuncto
418 1081 484 1122 cnm
508 1063 570 1121 acie
586 1063 683 1138 primo
699 1062 852 1138 angustior
874 1060 981 1121 deinde
998 1059 1086 1122 latior
1106 1083 1203 1142 pro-

160 1169 184 1207 ιο
198 1145 275 1206 cedit
303 1155 332 1207 et
347 1147 588 1207 aduersariorum
610 1144 731 1206 ordines
753 1146 877 1224 rumpit,
901 1147 969 1222 qnia
991 1164 1008 1204 a
1029 1145 1201 1224 pluribus

197 1232 226 1290 in
243 1249 335 1291 unum
351 1231 447 1292 locum
466 1231 522 1292 tela
540 1233 706 1290 mittuntur.
753 1228 847 1298 Onam
863 1247 926 1290 rem
943 1229 1053 1290 milites
1071 1237 1193 1294 nomi-

198 1326 269 1376 nant
296 1325 384 1396 caput
411 1319 575 1396 porcinum.
622 1313 730 1376 Contra
759 1316 838 1394 quod
861 1313 1009 1375 ordinatio
1030 1318 1192 1393 ponitur,

197 1419 284 1479 quam
306 1403 440 1462 sorbeam
463 1409 580 1462 uocant.
626 1398 700 1459 Nam
723 1416 758 1457 ex
780 1397 950 1460 lectissimis
971 1398 1124 1462 militibus
1149 1407 1192 1465 in

199 1487 219 1544 V
236 1484 361 1545 litteram
378 1485 452 1544 ordo
468 1485 647 1564 conponitur
664 1492 693 1543 et
707 1481 790 1543 illum
809 1501 938 1544 cuneum
951 1485 1061 1562 excipit
1076 1493 1188 1564 atque

159 1585 183 1624 rs
198 1587 233 1627 ex
255 1577 378 1646 utraque
401 1577 484 1648 parte
506 1567 668 1636 concludit,
696 1586 754 1646 quo
771 1569 848 1628 iacto
871 1571 964 1628 aciem
987 1586 1046 1628 non
1070 1579 1195 1648 potest

198 1671 347 1730 rumpere.
376 1653 448 1714 item
464 1671 546 1712 serra
563 1652 672 1712 dicitur
688 1668 764 1727 quae
781 1653 816 1712 ab
833 1655 961 1713 strenuis
974 1653 1089 1714 directa
1102 1667 1192 1718 ante

198 1738 326 1798 irontem
348 1739 508 1818 obponitur
532 1735 736 1805 liostibus‚.ut
757 1736 872 1797 turbata
895 1739 974 1798 acies
995 1749 1181 1817 reparetur.

197 1820 309 1883 Globus
326 1831 422 1884 autem
440 1823 548 1883 dicitur
564 1824 613 1901 qui
630 1840 645 1880 a
662 1840 713 1882 sua
730 1823 792 1882 acie
808 1829 961 1900 separatus
973 1839 1048 1900 uago
1061 1841 1187 1901 super-

214 1956 245 2004 V.
257 1957 289 2006 L,
326 1959 339 2006 l
354 1951 428 2022 raro]
440 1955 518 2005 tarde
530 1955 559 2006 Π
594 1958 606 2004 1
622 1955 808 2018 contingitlii
820 1957 986 2022 contingetoc
995 1957 1189 2024 contingat}²

197 2021 312 2087 contigit
325 2021 343 2072 d
401 2026 416 2073 2
436 2028 483 2072 aut
497 2039 513 2072 a
525 2023 695 2088 uagantibus
709 2023 800 2088 globis
813 2021 857 2074 dP
869 2029 917 2074 uut
934 2025 969 2074 ub
987 2023 1181 2080 hortantibus

196 2090 232 2155 gl.
248 2090 276 2142 Π
289 2107 305 2140 a
317 2091 489 2157 uagantibus
498 2089 570 2162 (uae.
584 2091 614 2156 μ)
628 2096 676 2140 out
689 2091 781 2156 globis
791 2107 803 2141 ε
870 2095 885 2142 3
905 2092 1025 2156 drungos
1033 2093 1074 2142 εΡ
1087 2094 1179 2147 dron-

196 2159 247 2224 gos
256 2157 285 2206 Π
295 2158 414 2209 druncos
423 2158 441 2209 d·
528 2163 544 2208 4
563 2173 727 2223 cornumque
741 2160 775 2210 M
793 2157 929 2226 cornuque
942 2161 964 2210 A
977 2175 1119 2226 cornuque
1135 2166 1181 2216 tm

228 2228 245 2274 4
263 2224 402 2292 rotundes]
419 2227 547 2277 rotundis
556 2229 598 2292 Αμ
611 2225 743 2276 retundas
751 2243 786 2276 eae
798 2228 919 2278 Parisino
933 2230 998 2278 7230
1010 2227 1046 2290 A,
1060 2246 1180 2294 quocum

194 2329 320 2378 artissime
332 2329 461 2392 cohaeret,
475 2330 558 2380 codici
571 2328 592 2378 G
604 2328 704 2378 uindico
780 2330 795 2378 b
815 2325 869 2376 Sed
884 2333 911 2378 et
923 2329 940 2378 i.
955 2327 975 2389 Q
988 2331 1061 2395 culpo
1076 2298 1178 2387 Sod&i.

195 2395 218 2444 L
262 2397 277 2445 6
297 2396 437 2448 fortissimi
454 2397 633 2447 conlocentur
649 2393 722 2458 (ooli.
733 2393 765 2458 π)
778 2395 832 2446 Α’π
845 2395 1008 2446 fortissimos
1018 2398 1177 2453 conlocen-

194 2467 239 2513 tur
252 2465 285 2515 M
297 2463 458 2514 sortissrmos
468 2463 638 2514 conlocenti.
673 2465 687 2512 7
707 2458 784 2528 item]
800 2461 931 2514 hisdemt
967 2466 982 2514 7
1001 2465 1140 2519 aduersus
1150 2489 1176 2522 π

228 2565 243 2614 8
263 2564 394 2613 certus-
405 2543 492 2614 modls
501 2565 531 2614 Π
565 2566 596 2613 10
609 2564 675 2627 quia
688 2579 704 2612 a
718 2561 823 2628 GdPH,
841 2565 905 2630 quia
920 2561 961 2632 [o]
977 2557 1105 2632 a'112qin
1119 2585 1141 2620 α
1156 2576 1174 2623 i

196 2631 226 2679 13
244 2628 391 2680 forficend
483 2635 514 2681 13
533 2632 562 2680 in
574 2631 598 2681 V
616 2629 713 2680 litteris
724 2633 750 2680 P
763 2631 792 2680 in
806 2631 828 2680 V
841 2631 937 2683 littere
950 2632 979 2684 Π
994 2635 1022 2683 in
1040 2635 1172 2689 littorio·

193 2729 234 2782 ra
251 2728 528 2798 Vnr[V]1atertu
546 2729 611 2780 nv
628 2715 678 2782 mi
686 2731 721 2782 ru
736 2731 764 2780 in
778 2733 801 2780 v
813 2717 859 2784 nri
876 2741 920 2784 aut
940 2707 1027 2800 utin
1047 2733 1173 2799 (eruum

785 2807 792 2833 i

193 2838 274 2882 erasit
285 2833 415 2885 subiunxit
428 2834 461 2896 A,
472 2834 501 2882 in
515 2832 692 2884 similitudine
703 2835 726 2883 V
739 2833 815 2899 litte)
829 2837 857 2884 in
871 2837 894 2884 V
906 2835 986 2886 littus
994 2839 1082 2891 Pario.
1097 2841 1172 2894 7230

193 2902 215 2950 Α
229 2899 263 2964 (u.
276 2901 310 2964 s.)
327 2902 356 2951 in
374 2917 455 2951 unum
469 2900 601 2952 confertis
611 2902 626 2951 i.
722 2906 754 2953 14
772 2903 883 2970 ponitur
896 2904 957 2954 Por.
972 2907 1038 2956 7230
1052 2905 1075 2955 Α

195 2971 226 3018 16
245 2983 262 3017 e
275 2969 394 3019 strenuis
403 2971 427 3019 P
437 2973 510 3034 culpo
560 2971 590 3019 18
604 2967 769 3034 superuentu
782 2969 818 3038 (ic
829 2972 853 3020 P
863 2987 931 3022 corr.
942 2987 977 3022 ecc
989 2973 1167 3040 sempueutu)

191 3035 388 3100 n,superuento
403 3039 434 3087 A'
448 3037 641 3102 superuentum
655 3038 689 3088 M
699 3038 864 3104 superuentu
878 3042 935 3089 tum
950 3041 964 3090 i.

210 3152 237 3203 S.
252 3154 285 3205 L.
340 3156 352 3202 1
373 3150 461 3220 certe]
477 3160 553 3204 certo
564 3155 598 3206 M
648 3158 661 3204 1
681 3155 943 3224 circumuenientor]
959 3160 1164 3212 circumuenie-

192 3227 236 3271 tur
249 3238 268 3272 ot
282 3218 316 3283 (d
327 3241 361 3262 =
375 3222 435 3271 Por.
449 3224 515 3272 7230
526 3223 558 3281 Α)
572 3221 806 3286 (circumueniant
819 3223 844 3288 l)
892 3228 907 3275 2
921 3223 975 3292 tui]
988 3228 1040 3276 tuti
1055 3244 1067 3279 ε
1082 3229 1115 3290 (u
1126 3251 1164 3272 =

191 3291 253 3339 Pori
269 3291 335 3340 7230
346 3287 379 3350 Α)
453 3293 469 3339 4
487 3286 616 3356 replices]
635 3290 793 3357 replenisA1
811 3293 928 3357 repletis
936 3309 955 3358 μ
973 3295 1084 3360 repleas
1095 3297 1152 3346 Pm-

192 3357 290 3408 723οΑ
342 3359 357 3408 6
377 3355 571 3424 extremitatis]
587 3359 746 3410 stremitatis
755 3359 783 3410 α’
832 3364 863 3411 10
880 3358 995 3430 rumpit]
1010 3371 1117 3430 rumpet
1130 3364 1161 3415 α’

263 3427 292 3474 14
312 3425 483 3490 componitur
495 3424 524 3475 Π
595 3428 625 3475 14
644 3425 757 3492 excipit]
775 3429 902 3494 excoepit
914 3431 944 3492 Α,
960 3431 1070 3494 excepit
1084 3432 1115 3480 M

192 3493 223 3542 17
242 3489 370 3558 frontem]
388 3493 477 3542 fronte
490 3491 519 3542 α’
595 3496 625 3543 17
645 3496 793 3560 opponitur
804 3497 853 3561 pli
924 3499 955 3548 18
974 3495 1032 3564 sue]
1048 3499 1111 3549 suae
1125 3501 1164 3552 M

260 3561 291 3609 18
309 3556 394 3625 uago]
408 3561 481 3626 bago
494 3561 537 3640 M*
