2500 4034
502 243 654 298 Praefatio.
1025 262 1063 310 χι

88 421 199 462 amcam
214 405 248 460 iu
262 405 376 460 modum
387 385 548 460 orationem
562 405 776 476 interrumpunt
787 409 874 477 atque
885 405 1062 462 conturbant

88 491 119 561 (e.
131 508 159 564 p.
172 489 217 559 11,
238 486 301 560 18.)
319 488 400 557 Quae
415 493 587 562 arpumenta
602 503 667 544 cam
682 492 775 546 omnia
792 491 878 546 etiam
892 491 922 545 in
935 493 1061 562 primam

85 577 187 632 tibrum
202 574 356 646 quadrent
367 569 421 644 (ef.
430 571 496 644 1,8,
507 569 555 642 12,
564 569 623 643 28),
635 579 759 632 cunetae
774 574 918 644 rubricas,
934 582 962 630 et
974 577 1065 648 primi

85 663 152 718 iibri
169 667 199 714 et
221 660 419 730 reliquorum,
441 676 460 713 a
478 660 641 730 posteriore
661 661 807 731 scriptore
827 661 920 732 quinti
930 657 998 730 fere
1012 661 1061 716 uei

86 747 161 802 secti
175 745 344 800 saecuti-
358 745 416 798 iam
432 745 507 798 emm
520 745 549 798 iu
565 757 598 800 eo
614 744 722 812 codice,
738 758 779 800 aa
793 760 849 816 qao
862 742 1060 816 frapmentum

94 832 269 886 Vaticanum
294 825 359 884 VII.
374 841 454 884 saec.
471 833 642 898 eucarpium
658 833 713 898 est,
736 827 875 886 rubricae
893 829 1062 900 adscriptae

85 917 171 988 suere
185 943 224 954 -
241 913 357 968 additas
371 913 567 970 contenderim
572 935 582 975 ,·
595 913 783 985 referendam
799 920 894 970 autem
908 913 983 970 staua
996 908 1062 985 ‘per

86 1001 196 1074 prodas
218 997 361 1070 quosdam
379 1001 408 1052 et
432 993 539 1054 titatos’
561 997 678 1054 uidetur
691 999 731 1053 aet
751 994 872 1054 ‘Rerum
887 998 958 1054 ordo
973 999 1060 1070 depo·

87 1090 138 1142 seit
153 1081 227 1140 etc.2
253 1097 281 1138 c.
298 1079 333 1152 2,
355 1075 505 1153 ‘Sequitur
520 1081 589 1138 etc?
605 1097 631 1138 c.
648 1081 677 1152 3,
700 1079 791 1140 ‘nunc
809 1109 844 1124 --
863 1078 1060 1154 emptammus’

88 1187 112 1224 c.
127 1169 164 1239 4,
187 1163 356 1239 ’δεᾳκίιανῗ
379 1181 405 1221 c.
423 1166 456 1228 7;
479 1163 619 1239 ‘Sipnatis
638 1171 737 1240 itaque
757 1167 900 1223 tironibus
918 1182 977 1239 per
991 1170 1060 1224 coti·

88 1257 173 1311 ciana
195 1254 346 1308 exercitio
366 1267 514 1308 armorum
538 1258 581 1307 est
606 1253 831 1308 demonstranda
857 1250 1003 1308 doetrioa’
1030 1254 1060 1308 in

89 1357 112 1394 c.
128 1339 149 1396 8
164 1339 211 1410 [p.
234 1334 284 1405 12,
302 1334 331 1405 1,
348 1333 381 1397 2,
399 1336 564 1416 bucusque
577 1337 613 1392 de
628 1329 736 1393 dilectu
751 1339 875 1393 tironum
889 1341 989 1408 eperat
1012 1335 1062 1392 Ve-

89 1428 194 1498 petias,
226 1424 287 1476 iam
313 1422 437 1476 atteram
463 1427 578 1491 partem
607 1422 647 1477 aet
670 1422 908 1478 exercitationem
938 1422 1062 1477 tironum

89 1512 270 1580 spectantem
285 1503 466 1578 inpaeditur),
481 1504 588 1562 ‘Locus
599 1509 697 1580 eaipit,
711 1510 742 1562 at
752 1502 821 1562 etc.’
834 1519 859 1562 c.
869 1502 918 1575 20,
935 1500 1060 1562 ‘costro-

89 1612 150 1650 rum
165 1605 285 1664 quoque
300 1588 368 1646 eto.’
384 1605 410 1644 c.
424 1587 463 1644 21
480 1587 530 1660 (-
545 1607 570 1646 e.
585 1589 623 1647 25
635 1589 732 1660 inat.)‚·
752 1591 875 1663 abrupte
890 1604 962 1646 sane
977 1605 1003 1649 a.
1020 1588 1060 1646 26

89 1687 113 1734 et
134 1677 174 1733 27
197 1677 443 1732 exercitationem
464 1676 587 1732 tironum
608 1675 647 1730 aet
665 1678 752 1746 finem
772 1676 933 1738 deducunt3
955 1672 995 1731 28
1017 1680 1061 1730 est

89 1765 230 1836 epitopus.
279 1757 360 1825 Quae
380 1771 445 1830 cum
460 1762 501 1814 ita
517 1763 589 1827 sint,
605 1762 702 1816 titutos
715 1761 780 1817 ittos
794 1776 834 1817 ea
848 1763 914 1832 ipsa
930 1761 1061 1816 aratione

90 1847 232 1904 tattendos
244 1844 383 1900 arbitrati
392 1859 498 1913 sumas,
505 1848 679 1915 praesertim
692 1848 799 1913 camsi
808 1848 873 1918 quis
886 1849 972 1902 totam
984 1845 1061 1900 banc

89 1947 148 1987 rem
160 1931 329 2002 dotipentias
338 1932 525 2000 perscrutari
536 1931 620 1998 notet,
636 1944 677 1986 ea
688 1932 815 2000 capitum
825 1929 976 1999 indicibus,
990 1945 1061 2001 quos

88 2018 211 2090 simpatia
224 2013 308 2070 tibris
321 2016 498 2084 praemissas
513 2021 541 2071 et
556 2014 670 2070 codices
685 2014 792 2070 babent
807 2021 835 2070 et
849 2029 903 2070 nos
918 2017 1002 2071 uncis
1016 2018 1060 2070 in·

89 2105 188 2158 clusos
199 2100 379 2167 retinuimus,
387 2099 542 2155 subsidium
553 2100 753 2155 eirebundare
763 2102 855 2170 possit
861 2100 1059 2166 certissimum,

89 2185 205 2242 etiamsi
223 2185 255 2238 in
274 2184 475 2240 minutioribus
491 2184 660 2257 quibusoam
679 2185 767 2240 rebus
787 2185 1010 2255 capitulationes
1024 2183 1062 2239 ab

88 2273 160 2342 ipsis
180 2269 349 2339 discrepent
368 2269 513 2324 interdum
534 2269 669 2325 rubricis.
714 2268 780 2326 Hae
800 2271 864 2326 toea
881 2283 937 2324 nan
954 2270 1061 2324 omitte-

89 2371 152 2411 mus
167 2368 222 2410 aas
235 2355 404 2423 paenitere,
428 2354 504 2426 quod
514 2369 574 2409 non
588 2368 725 2410 numeros
739 2368 852 2426 quoque
867 2354 1062 2424 copiosiorum

87 2453 216 2512 prorsus
236 2453 277 2494 ea
296 2440 427 2493 oratione
448 2440 674 2510 exstirpauimus
695 2454 732 2494 ae
747 2437 920 2494 solummodo
939 2439 969 2492 in
984 2454 1061 2493 mor·

88 2528 154 2598 aine
170 2523 383 2580 adrootauimus.

162 2607 350 2679 Sequimnut
360 2607 395 2662 ste
403 2607 532 2664 codicum
543 2605 954 2680 peneribusasfiuitatibusque
965 2609 1062 2682 dispu-

92 2701 197 2749 temus.
232 2689 289 2758 Qui
302 2707 370 2748 eum
383 2692 455 2749 adeo
471 2695 553 2748 mutii
567 2698 682 2762 emieat,
702 2698 750 2764 ut,
766 2700 904 2765 quonium
918 2694 987 2750 mibi
999 2696 1062 2766 qui·

89 2780 153 2834 dem
170 2790 277 2832 emere
288 2777 380 2844 licuit,
397 2783 510 2833 centiam
525 2780 719 2850 quadrapinta
737 2779 883 2835 excedant
899 2794 1060 2848 numerum,

90 2867 130 2919 ita
154 2863 358 2928 reuinctum,
382 2867 413 2917 ut
434 2875 532 2920 aarum
551 2863 697 2932 codicum,
718 2866 769 2935 qui
785 2870 851 2934 post
866 2864 1062 2920 duodecimum

90 2941 242 3004 saeculum
268 2948 389 3002 exarati
413 2951 493 3014 sant,
521 2948 629 3004 nuttam
647 2945 715 3018 fere
734 2948 896 3004 babendum
921 2952 1062 3006 rationem

91 3033 266 3088 eenmoerim.
297 3027 464 3086 Ceterorum
479 3038 583 3101 autem,
599 3047 671 3104 quos
686 3034 798 3104 quietem
811 3050 867 3104 pro
882 3035 963 3092 uirili
970 3043 1062 3106 parte

90 3109 226 3185 omnes*)
234 3117 426 3186 respeaimus,
435 3117 492 3172 dua
503 3121 696 3190 suntp'enerm
706 3133 793 3174 unum
806 3120 933 3175 mutitum
945 3136 983 3176 ac
992 3136 1061 3190 per·

90 3219 178 3275 quam
193 3201 379 3273 neptepeater
389 3204 529 3272 scriptum
542 3199 585 3274 (ε),
598 3203 721 3258 atterum
732 3205 848 3274 plenius
860 3211 888 3259 et
900 3207 1063 3259 correctius

89 3285 132 3357 (π’
157 3286 207 3342 aet
225 3280 274 3354 u);
299 3291 366 3340 sunt
386 3291 481 3342 autem
498 3288 578 3358 itlius
603 3289 690 3364 quasi
711 3290 855 3360 primaria
877 3294 945 3344 nota
965 3286 1064 3342 biatus

158 3415 184 3479 ⁸)
202 3413 601 3479 Excipias·Mantepessatanum
619 3419 666 3471 Nr.
680 3419 728 3468 133
742 3395 811 3467 ΧΗ,
828 3431 895 3470 saec.
915 3417 1062 3477 ‘incomptae

90 3495 116 3536 et
132 3501 166 3535 eu
182 3484 293 3533 maauaie
309 3484 374 3532 e'tat’
393 3483 543 3547 (Catatopue
558 3488 666 3548 pe‘aerat
681 3487 727 3536 des
743 3485 895 3534 manuscrits
911 3484 957 3534 des
974 3481 1062 3534 bibito·

90 3555 197 3619 ibiques
206 3550 340 3616 pubtiques
353 3551 398 3602 des
411 3553 600 3616 de'partements
611 3552 707 3617 1334).
