2500 4034
232 235 253 298 6
620 235 682 288 nra.
704 237 728 294 1,
749 201 814 290 12.

233 389 356 450 bellicae
383 388 541 450 dimicandi
568 390 659 448 nutrit
685 388 844 448 audaciam.
892 389 984 448 Nemo
1011 390 1118 449 lacere
1148 407 1219 450 me

234 476 288 534 tuit
319 473 396 552 quod
423 492 455 534 se
488 473 564 535 bene
591 473 731 534 didicisse
758 472 887 533 conlidit.
932 472 1049 534 Etenim
1078 474 1114 534 in
1149 493 1224 534 cer·

234 560 342 618 tamine
366 557 511 620 bellorum
535 561 693 619 exercitata
709 559 841 638 paucitas
863 558 898 617 ad
920 559 1077 618 uictoriam
1103 577 1216 637 prona

233 645 311 722 ptior
333 651 390 712 est,
416 643 499 704 rudis
520 650 548 702 et
569 643 686 704 indocta
706 642 861 703 multitudo
878 645 1010 722 exposita
1026 662 1157 722 semper
1183 647 1232 704 ad

208 728 398 788 acaedam.l

317 813 352 872 ΙΙ.
390 812 501 872 Rerum
524 811 597 872 ordo
619 811 766 889 deposcit,
786 818 831 879 ut,
853 830 887 872 ex
910 811 1016 890 quibus
1038 815 1232 892 prouinciis

233 896 280 957 uel
297 895 464 956 nationibus
480 897 594 956 tirones
611 895 729 973 legendi
746 897 816 966 sint,
835 898 929 975 prima
946 905 1030 975 parte
1046 905 1225 958 tractetur.

233 980 352 1041 Constat
375 979 492 1056 quidem
514 982 545 1039 in
568 979 705 1041 omuibus
727 979 799 1042 locis
816 991 844 1041 et
866 983 989 1058 ignauos
1011 988 1040 1041 et
1063 990 1227 1043 strenuos

232 1065 322 1126 nasci.
369 1064 425 1124 Sed
449 1075 546 1126 tarnen
564 1072 594 1126 ct
614 1082 686 1142 gens
707 1075 823 1143 gentem
846 1065 998 1144 praecedit
1018 1068 1049 1125 in
1073 1065 1160 1126 bello
1193 1079 1227 1126 et

193 1170 219 1210 m
232 1148 316 1228 plaga
334 1148 407 1210 cacli
425 1149 459 1210 ad
476 1148 569 1210 robur
585 1168 645 1210 non
663 1158 773 1211 tautum
790 1169 949 1230 corporum
966 1150 1017 1212 sed
1035 1151 1127 1211 etiam
1144 1154 1222 1211 ani-

231 1252 348 1296 morum
367 1233 527 1311 plurimum
549 1234 642 1304 ualet;
668 1252 725 1313 quo
741 1234 807 1295 loco
824 1253 872 1304 ea,
895 1253 970 1314 quae
987 1255 1002 1296 a
1019 1235 1219 1296 doctissimis

231 1318 403 1380 hominibus
419 1319 599 1399 conprobata
616 1329 693 1386 sunt,
712 1338 771 1381 non
787 1323 930 1382 omittam.
977 1319 1089 1382 Omnes
1106 1323 1217 1382 natio-

232 1422 293 1474 nes,
313 1423 388 1483 quae
405 1406 519 1467 uicinae
535 1413 604 1465 sunt
619 1404 683 1474 soli,
700 1405 791 1466 nimio
808 1404 907 1466 calore
923 1406 1055 1475 siccatas,
1074 1407 1214 1484 amplius

232 1489 352 1567 qrssridem
373 1507 495 1568 sapere,
521 1489 573 1550 sed
595 1492 693 1550 minus
720 1488 830 1550 habere
857 1490 1007 1568 sanguinis
1035 1490 1142 1552 dicuut
1174 1510 1215 1550 ac

193 1588 218 1629 15
232 1580 391 1651 propterea
413 1575 609 1634 constantiam
629 1593 661 1636 ao
677 1573 813 1635 liduciam
831 1576 997 1636 comminus
1013 1593 1072 1635 non
1091 1575 1212 1636 habere

230 1655 395 1735 pugnandi,
418 1658 486 1737 quia
508 1666 644 1719 metuunt
664 1657 785 1720 uulnera
803 1661 853 1736 qui
870 1661 1007 1738 exiguum
1025 1661 1210 1737 sauguinem

230 1757 262 1800 se
282 1739 394 1802 habere
415 1752 572 1804 nonerunt.
618 1743 724 1804 Contra
746 1743 992 1822 septentrionales
1010 1744 1130 1824 populi,
1156 1763 1210 1805 re·

231 1825 303 1885 moti
319 1844 334 1885 a
351 1825 420 1886 solis
436 1827 611 1897 ardoribus,
631 1826 860 1889 inconsultiores
877 1829 1010 1906 quidem,
1034 1828 1086 1889 sed
1102 1836 1208 1890 tamen

230 1910 312 1986 largo
335 1912 479 1989 sanguine
500 1911 716 1982 redundantes,
739 1920 808 1974 sunt
826 1913 863 1974 ad
879 1913 955 1973 bella
973 1915 1203 1990 promptissimi.

191 2001 216 2041 20
230 1993 357 2054 Tirones
385 1996 475 2073 igitur
501 1995 537 2056 de
562 1997 822 2075 temperatioribus
853 1998 970 2076 legendi
1000 2008 1068 2057 sunt
1096 1998 1202 2076 plagis,

230 2077 338 2158 quibus
366 2088 394 2139 et
417 2081 499 2160 copia
526 2083 678 2159 sanguinis
704 2090 841 2161 suppetat
869 2082 904 2143 ad
932 2082 1090 2143 uulnerum
1121 2101 1204 2143 mor-
1229 2115 1232 2122 ·

229 2166 326 2240 tisque
348 2173 551 2244 contemptum
574 2174 602 2226 et
619 2185 677 2226 non
701 2167 792 2245 possit
808 2167 912 2228 deesse
929 2166 1100 2245 prudentia,
1123 2187 1200 2247 quac

230 2256 259 2309 ct
276 2247 448 2310 raaodestlam
470 2259 569 2311 seruat
591 2253 741 2312 incastris
763 2261 792 2312 et
813 2269 873 2312 non
896 2270 999 2330 parum
1021 2251 1143 2331 prodest
1168 2254 1199 2312 in

230 2331 418 2395 dimicatione
438 2333 581 2396 consiliis.
1218 2361 1225 2372 “

245 2552 276 2601 V.
292 2552 323 2602 L.
393 2552 502 2602 drudll
517 2552 566 2603 αΠ
616 2567 697 2616 quem
714 2552 789 2603 rudis
804 2551 850 2615 ΟΡ
894 2554 970 2604 rudis
985 2553 1111 2604 eutemd

298 2618 364 2670 Gar.
384 2620 419 2671 11.
467 2617 863 2672 ssUarumordoSrllwedelius
898 2618 984 2687 [ulld
1043 2623 1195 2688 deligendi

229 2685 258 2736 Π
325 2681 449 2751 8[in]d
524 2688 555 2737 10
574 2686 746 2752 plagaretur
821 2689 851 2738 11
872 2687 1018 2756 plurimum
1034 2688 1099 2740 scire
1111 2706 1135 2740 u.
1151 2691 1196 2752 ΟΡ

297 2768 349 2818 quo
368 2753 428 2803 loco
442 2754 484 2804 αΡ
519 2755 549 2803 in
567 2769 619 2818 quo
633 2751 682 2804 ta
707 2769 776 2818 quae
792 2753 852 2806 loce
866 2757 921 2820 QP,
993 2754 1037 2821 [ea
1051 2753 1129 2822 quae]
1151 2759 1197 2819 ΟΡ

298 2823 328 2870 12
348 2817 483 2888 omittam]
504 2821 700 2873 omittemulael
742 2823 919 2874 obmittamus
930 2824 951 2875 G
1022 2828 1052 2875 13
1071 2824 1191 2884 siccatas]

229 2887 392 2939 liccitetild
454 2891 485 2939 14
499 2888 668 2939 dicunturV
725 2887 898 2956 ldeoiotli
961 2893 991 2941 16
1005 2889 1061 2957 qui]
1077 2893 1138 2956 quia
1152 2891 1189 2952 (ld

298 2959 328 3006 17
348 2955 490 3007 Contraria
504 2955 532 3006 Π
602 2957 632 3007 ta
651 2955 686 3008 ad
700 2955 784 3022 bella]
802 2959 830 3007 in
844 2957 868 3010 b.
884 2955 911 3008 Π
980 2960 1011 3009 21
1031 2959 1147 3024 suppetit
1159 2963 1185 3024 (a,

296 3025 330 3073 24
349 3020 479 3088 consiliii]
497 3023 602 3075 consilii
616 3023 633 3076 d
642 3043 648 3086 ς
666 3025 780 3086 sarturae
793 3027 936 3074 tollendum.

245 3225 317 3276 sn.
388 3199 623 3306 collateralia
681 3225 876 3278 terraturium
979 3227 1183 3293 acerrume,

273 3290 336 3344 ded
350 3290 477 3344 crotoni*
491 3295 511 3344 Α
558 3293 726 3344 trudonem
741 3293 885 3345 multitudo
899 3297 921 3347 A

296 3358 362 3410 Car.
376 3360 412 3414 11.
449 3359 668 3427 apronianum
707 3359 1002 3413 lladdoctlllimilu'
1046 3363 1179 3428 iaculare]

229 3425 360 3479 colorel'l
409 3427 766 3498 lllllooatnlll'lccntolpll
803 3427 921 3480 siccatus
930 3433 960 3495 A,
1003 3432 1034 3480 14
1048 3428 1088 3496 co]
1102 3429 1181 3482 1ch

296 3497 328 3546 lb
347 3495 503 3550 fldirtlrund
577 3499 606 3549 lb
626 3495 769 3548 cornminus
779 3495 806 3550 Π
860 3497 891 3548 19
909 3497 1140 3562 prumptiliimllll

227 3563 260 3612 20
274 3563 516 3629 temperatioribus
517 3559 524 3630 l
541 3563 786 3632 totnpm·.·tlloulbnl
796 3567 817 3616 A
831 3561 872 3626 (ri)
920 3567 952 3616 21
965 3565 1141 3616 demiratione
1154 3566 1178 3616 α’
