2520 4044
332 1053 508 1141 [Ineipiuni
529 1053 667 1137 capitula
689 1053 762 1117 libri
782 1055 886 1119 tertii:

197 1236 221 1290 l.
251 1233 307 1301 Qui
323 1231 419 1286 modus
435 1247 495 1286 esse
509 1229 607 1286 debeat
622 1231 764 1286 exercitus

184 1320 221 1374 ll.
251 1315 483 1382 Quemadmodum
500 1314 602 1370 sanitas
618 1313 787 1386 gubernetur
801 1316 947 1370 exereitus.

176 1403 224 1460 ill.
253 1400 361 1467 Quanta
384 1417 447 1456 eura
469 1399 636 1473 prouidenda
657 1401 712 1454 sint
734 1407 817 1472 atque
838 1399 970 1456 seruanda
991 1399 1090 1472 pabula

297 1483 342 1540 uel
358 1483 501 1540 frumenta.

163 1572 227 1628 llll.
255 1567 484 1638 Quemadmodum
502 1574 629 1640 oporteat
644 1567 800 1642 prouidere,
813 1583 847 1623 ne
863 1569 1024 1626 seditionem
1041 1573 1115 1625 uri-⁵

299 1653 361 1709 lites
376 1653 485 1708 iaciant.
717 1703 723 1740 ι

200 1740 236 1793 V.
259 1737 406 1811 Signorum
423 1737 578 1793 militarium
595 1744 694 1810 quanta
710 1740 764 1791 sint
779 1753 890 1808 genera.

184 1825 234 1880 v1.
258 1823 363 1890 Quanta
379 1825 416 1877 sit
430 1821 564 1878 seruanda
579 1822 685 1877 cautela
701 1837 761 1876 oum
778 1820 875 1878 uicinis
892 1821 1017 1878 hostibus
1033 1839 1090 1878 mo·

299 1914 380 1962 uetur
395 1907 550 1980 exereitus

170 1993 232 2048 Vll.
256 1989 484 2058 Quemadmodum
495 1990 693 2063 [luminaquae
705 1990 806 2046 maiora
819 1998 894 2064 sunt,
908 1999 1088 2048 transeantur.
1104 2001 1129 2040 1⁰

160 2077 232 2132 Vlll.
256 2075 486 2144 Quemadmodum
502 2083 590 2131 castra
605 2074 721 2129 debeant
737 2074 864 2131 ordinari.

151 2161 232 2218 VIlll.
257 2161 331 2228 Quae
356 2167 384 2216 et
405 2167 507 2232 quanta
533 2159 727 2214 consideranda
754 2161 823 2230 sint,
850 2168 881 2216 ut
904 2159 1089 2234 intellegatur,

298 2252 390 2300 utrum
411 2243 623 2318 superuentibus
646 2251 674 2298 et
694 2243 799 2299 insidiis
821 2261 854 2300 an
869 2243 979 2318 pulalioo
995 2245 1090 2301 debeat

297 2329 382 2385 llarte
397 2327 519 2402 ooniligi.

204 2414 234 2472 ll.
260 2413 328 2482 Quid
347 2419 477 2488 oporteat
497 2413 572 2482 fieri,
593 2413 616 2466 si
637 2412 699 2484 quis
720 2412 1128 2486 desuetumapugnaexer·1a

298 2499 381 2554 citum
397 2497 495 2558 habeat
510 2496 554 2552 uel
570 2497 695 2552 tironem.

189 2582 233 2640 lll.
259 2581 330 2650 Quae
350 2583 411 2656 ipso
434 2581 477 2637 die
493 2581 662 2654 procuranda
676 2581 747 2653 sint,
770 2598 829 2636 oum
846 2580 953 2654 publiea
969 2583 1090 2640 commit·

297 2668 483 2741 titurpugna.

177 2752 234 2808 llll.
257 2751 495 2824 inuestigandum,
514 2751 579 2822 quid
595 2748 715 2806 sentiant
729 2748 831 2805 milites
845 2753 1004 2825 pugnaturi.

162 2835 232 2892 Xlll.
257 2833 486 2902 Quemadmodum
502 2834 615 2890 idoneus
631 2834 709 2891 loeus
724 2834 841 2906 eligatur
857 2836 889 2891 ad
905 2852 1034 2908 pugnam.
1104 2859 1129 2898 ρο

155 2921 234 2977 Xllll.
257 2919 485 2988 Quemadmodum
508 2920 578 2974 acies
593 2917 690 2974 debeat
706 2918 842 2991 ordinari,
863 2928 893 2975 ut
917 2923 943 2976 in
960 2920 1090 2979 conilictu

298 3004 429 3060 reddatur
445 3005 556 3060 inuicta.

121 3119 329 3130 -----..

175 3169 410 3220 lessedebetiP
451 3166 619 3218 exercitisl'l
660 3168 840 3233 afabutaM,
885 3169 1061 3220 oreditiones
1070 3172 1095 3219 P

175 3239 206 3287 12
218 3237 287 3303 ¹suut
300 3235 338 3295 Qt
389 3235 572 3299 intellegatur
581 3233 611 3282 Π
621 3235 816 3300 intelligantur
827 3239 853 3286 P
897 3239 928 3286 13
947 3237 1093 3296 superuen-

122 3304 200 3355 tibur
213 3320 248 3354 ex
265 3305 316 3354 inl.
336 3304 351 3354 t
369 3303 625 3367 superuenientibus
639 3308 666 3352 et
683 3303 819 3354 infidiild
836 3300 1095 3369 superuenientibus

122 3372 245 3422 inimicis
254 3369 361 3420 insidiis
370 3368 399 3419 Π
462 3371 494 3420 15
514 3365 633 3436 [nquit]
647 3367 845 3436 M1Q1L[quii]
860 3369 935 3433 ΜΛ),
995 3368 1026 3416 15
1045 3367 1091 3418 de·

122 3437 206 3490 luedt'r
218 3440 263 3503 M,
333 3439 364 3488 15
383 3439 549 3503 adpugnam
563 3434 849 3505 Q[M2]adpugnaL
910 3435 941 3483 16
960 3433 1095 3485 tironeH

174 3509 205 3558 17
226 3521 282 3572 quo
293 3521 315 3556 π
367 3507 398 3554 21
418 3505 584 3556 debeant-
599 3506 727 3555 conflicto
740 3503 768 3554 α’
827 3505 860 3553 22
878 3499 1028 3551 reddantur
1040 3501 1072 3552 A’
