2500 4034
195 251 198 266 ⁸
241 247 340 294 xxxn
487 234 637 287 Praefatio.
674 233 807 288 Codicum
825 251 965 290 recensus.

234 392 319 465 prof.
331 407 363 461 p.
376 390 503 463 Attors..
548 394 674 450 Auctore
689 391 807 448 Ebertio
819 389 858 468 (ρ.
873 389 944 468 284)
958 393 1150 452 Schneider
1164 395 1238 451 Son*

239 495 269 532 a.
287 473 367 532 1819
390 492 453 533 eam
475 477 617 546 adhibuit,
643 484 746 550 postea
762 477 816 532 Fr.
832 477 935 533 Haase
955 476 1008 550 (cf.
1022 479 1048 534 t.
1069 481 1097 534 t.
1123 497 1163 552 p.
1188 477 1238 550 112

240 561 375 618 Secunda
391 577 495 620 marrus
506 564 654 635 permulto
670 565 810 631 corrosit,
825 577 883 618 non
899 563 1003 635 ubique
1018 570 1124 620 recte
1144 580 1238 620 emen

237 647 328 703 daait.
372 645 487 703 Possim
513 653 640 718 apparet
664 649 815 718 scriptura
841 648 990 703 secundae
1014 663 1146 704 manus
1176 666 1238 720 per

239 734 377 803 antiqua·
399 733 487 787 eidem
501 733 615 806 ytossas
629 732 834 788 interlineares
847 732 930 787 baud
941 735 983 788 ita
995 749 1139 803 paucas
1156 735 1238 790 debe

238 832 312 872 mus.
356 816 467 872 I'otium
494 818 747 892 antepenultimum
763 819 862 889 periit.
907 817 1118 874 Examinarrit
1141 820 1238 874 deum

238 901 286 957 Du
304 898 392 968 Rieu,
410 905 461 972 qui
479 902 641 970 nobiscum,
663 917 738 973 quae
760 901 871 958 deboc
893 903 992 958 codice
1013 902 1238 960 dissentimus

238 984 460 1041 conmunicaait
480 993 507 1042 et
528 988 686 1060 specimina
712 986 798 1042 dedit.
841 986 973 1042 Pertinet
994 987 1033 1042 ud
1059 992 1238 1060 pessimam

235 1069 380 1142 familiam
401 1065 409 1138 (
427 1066 446 1141 ).

327 1152 374 1209 19.
399 1153 585 1210 Cottonianus
604 1152 716 1226 (Lond.)
739 1149 1016 1229 (crispabant.)
1038 1159 1177 1214 saecuti
1197 1157 1236 1212 «Γ.

238 1239 325 1312 ualqo
341 1239 527 1310 perhibetur,
550 1240 603 1296 sed
622 1242 741 1296 saecuto
755 1239 827 1294 XII.
851 1255 915 1296 eum
930 1239 1044 1298 Hotder
1064 1243 1237 1298 adiudicat

237 1326 350 1380 amicus
370 1332 483 1389 noster,
507 1327 557 1396 qui
577 1325 703 1381 codicem
723 1325 781 1380 buc
796 1339 837 1380 eu
848 1332 938 1396 porte
954 1322 992 1397 (u.
1010 1325 1115 1397 1867)
1136 1342 1234 1382 aecn-

237 1411 382 1482 ratissime
403 1411 591 1466 euomiuouit.
636 1407 731 1464 Huius
750 1409 871 1480 codicis,
899 1413 966 1466 item
987 1413 1051 1468 cod.
1074 1411 1118 1468 17
1139 1417 1170 1466 et
1190 1411 1228 1463 18

236 1494 394 1565 specimina
411 1494 464 1549 Dr.
479 1493 591 1568 Wriabt
607 1489 645 1567 (a.
661 1488 751 1567 1866)
768 1508 877 1550 summa
892 1509 957 1552 cum
973 1496 1186 1552 beniuolentia
1204 1503 1230 1548 rt

149 1651 151 1658 y
238 1580 371 1634 comitate
396 1579 465 1633 mibi
488 1580 562 1634 misit
569 1601 578 1642 ;
603 1594 643 1634 eu
658 1578 765 1652 ‚artibus
791 1579 821 1634 id
843 1579 911 1634 mibi
930 1583 1002 1636 sotis
1019 1583 1225 1654 perspicuum

237 1669 289 1731 est,
301 1662 380 1718 breno
392 1664 517 1718 codicem
533 1678 573 1720 ea
583 1663 610 1718 P
619 1677 709 1734 eoque
723 1665 780 1718 iam
796 1680 813 1717 a
826 1665 866 1742 P²
876 1659 962 1740 (satis
974 1668 1106 1738 antiqua
1117 1681 1221 1720 mann.

237 1755 372 1803 correcto
385 1750 521 1820 fluxisse.
552 1747 740 1817 Quamobrem
755 1763 819 1816 eum
832 1765 959 1822 prorsus
973 1767 1030 1806 uon
1045 1752 1080 1807 in
1099 1765 1224 1807 ceresam

236 1836 415 1888 uocoaimus.
460 1818 527 1888 Cam
543 1833 598 1889 boc
614 1833 756 1888 artissime
772 1834 946 1890 coboerent:
1237 1865 1238 1876 2

302 1969 304 1974 ,
323 1916 373 1973 20.
397 1917 494 1973 orces
510 1915 621 1988 (conr.)
637 1917 702 1973 osor.
719 1916 789 1990 my.
804 1917 929 1975 150111
944 1912 1117 1992 (belsam.
1136 1921 1220 1976 mrim

236 2008 309 2057 teste
325 2000 454 2058 Hotdero
468 1997 569 2076 XIII.)
587 2011 630 2057 ct'

322 2085 372 2142 21.
396 2087 579 2144 Harteianas
588 2086 671 2144 3859
685 2081 752 2159 (sec.
765 2089 854 2144 catat.
865 2085 971 2158 (1808)
983 2088 1021 2144 X.
1031 2103 1128 2157 saec,
1145 2091 1217 2142 teste

235 2170 290 2226 Dr.
314 2172 427 2244 Wriybt
442 2171 514 2228 XII.
530 2189 563 2242 s.‚
581 2177 702 2228 auctore
717 2171 846 2228 Hotdero
860 2172 950 2230 XIII.
967 2171 1128 2247 exeuntis).

322 2254 372 2311 22.
398 2254 463 2312 eoa.
484 2257 546 2312 Vnt.
560 2255 722 2330 Rea1286
738 2258 854 2313 membr.
868 2259 899 2312 in
912 2256 967 2329 sot.
980 2258 1053 2314 binis
1068 2255 1213 2314 columnis

235 2347 381 2396 exoratus
391 2353 469 2396 saec.
477 2341 550 2398 IIII.
563 2344 610 2398 aet
621 2341 711 2398 XIII.
722 2343 810 2412 incr'rr.
823 2337 953 2413 (auctore
969 2341 1015 2398 Da
1028 2339 1126 2417 Rieu),
1146 2341 1208 2396 otim
1236 2377 1237 2392 .

235 2425 363 2497 Petauii,
387 2425 518 2482 Parisios
532 2428 660 2495 deictus,
684 2427 736 2481 scd
750 2427 815 2481 inde
831 2441 979 2483 reuersus.
1023 2427 1159 2484 Pertinet
1174 2422 1211 2476 cut
1236 2407 1237 2447 ¹

235 2513 485 2582 corruptissimam
497 2511 641 2582 familiam
658 2508 682 2565 t.
727 2510 850 2567 Contulit
864 2510 911 2567 Itu
927 2512 1012 2568 Rieu.

321 2593 372 2649 23.
395 2596 604 2650 Ambrosianus
618 2593 670 2650 122
686 2609 759 2665 sap„
777 2598 903 2666 membr„
917 2599 946 2651 in
962 2603 1076 2666 octauo,
1095 2592 1207 2653 saecuti

234 2677 319 2746 XII..
343 2685 373 2732 ut
389 2684 514 2735 testatur
534 2681 699 2752 catatoyus‚
721 2680 774 2735 sed
787 2689 909 2737 auctore
926 2681 971 2738 oa
987 2680 1063 2736 Rieu
1084 2696 1118 2737 re
1134 2691 1204 2736 uerti

234 2769 277 2818 est
298 2766 445 2819 recentior
469 2763 678 2837 librariumque
706 2765 814 2821 codicis
834 2769 1005 2838 antiquioris
1026 2771 1202 2838 scripturam
1235 2819 1236 2832 χ

234 2850 374 2904 imitatam
394 2863 458 2904 esse
477 2853 614 2921 apparet.
658 2850 752 2905 Folia*
763 2849 862 2905 uttima
879 2857 1019 2924 qrrattuor
1034 2848 1110 2925 (inde
1125 2867 1143 2906 o
1159 2845 1175 2903 I
1184 2841 1205 2898 7
1235 2861 1236 2890 ³

234 2931 277 2988 40
292 2948 383 3006 usque
404 2935 444 2989 ad
455 2930 551 3008 finem)
569 2935 605 2990 ab
621 2937 681 2990 otia
696 2951 785 2990 manu
800 2938 968 3007 scn'pturce
979 2939 1072 3007 paulo
1087 2932 1202 2992 maioris

234 3020 300 3072 item
316 3017 406 3073 XIII.
423 3021 470 3075 aet
485 3019 571 3075 XIV.
594 3034 673 3076 saec.
695 3027 825 3076 exarato
840 3028 928 3078 sant..
958 3020 1118 3093 Inscriptio
1132 3020 1200 3076 treet·

234 3108 278 3156 est
298 3097 411 3157 ‘Flauii
434 3103 533 3176 Veooti
553 3102 668 3160 Iienati.
694 3103 754 3159 Viri
772 3106 905 3162 ittustris.
922 3106 1116 3162 institutorum
1136 3095 1140 3180 )
1159 3099 1200 3155 rei

234 3187 369 3242 militaris
386 3187 459 3242 tiber
477 3190 590 3260 primus
609 3191 711 3260 incr'arit
729 3175 879 3260 t‘rrticiter’.
923 3189 996 3246 ,Otim
1013 3199 1124 3263 emptus
1138 3189 1196 3243 erat
1234 3257 1235 3264 ἵ

234 3272 272 3328 ab
297 3271 472 3328 haeredibus
502 3272 639 3328 Caesaris
662 3272 782 3329 Rouidii
808 3277 954 3330 senatoris
980 3270 1197 3332 Mediolanensi

235 3352 350 3431 (1606).
396 3353 507 3413 Codicis
526 3357 613 3413 buius
631 3359 705 3429 [otia
727 3358 782 3414 duo
804 3360 904 3416 uttima
926 3363 1073 3417 continent
1089 3354 1195 3418 librarii
1234 3329 1235 3362 ¹

234 3441 408 3498 recentioris
437 3457 542 3498 uersus
570 3445 667 3499 nescio
697 3459 778 3515 quos.
823 3443 1015 3502 Examinauit
1040 3447 1087 3502 Du
1111 3443 1193 3499 Rieu:

233 3526 376 3598 quaedam
391 3527 426 3581 de
441 3527 495 3582 troc
511 3528 610 3584 codice
624 3530 689 3594 iam,
706 3535 861 3600 antequam
874 3537 1051 3600 apparatum
1064 3545 1139 3587 suurn
1150 3523 1192 3580 Itu
