2520 4044
474 251 558 300 tiber
575 252 632 316 111,
652 255 674 306 1.
1015 255 1056 319 05

44 405 122 464 tudo
148 403 311 463 collecta.
358 403 452 462 Huius
473 403 578 463 modus
594 422 610 463 a
627 407 773 481 magistris
788 410 942 485 quaeritur
958 427 1054 470 armo-

45 508 129 548 rum.
154 487 250 548 Nam
264 505 338 548 cnm
347 485 455 546 Xerxis
468 487 583 548 etliarii
596 497 625 548 et
637 489 814 550 Mithridatis
827 501 1055 571 oeterorumque

47 593 180 650 regum,
214 574 276 648 qui
292 571 531 632 innumerabiles
553 583 742 634 armauerant
758 575 898 652 populos,
921 579 1054 656 exempla

48 658 269 734 releguntur,
296 655 453 715 euidenter
475 665 598 735 apparet
613 659 736 718 nimium
752 662 891 738 copiosos
908 665 1055 722 exereitus

48 747 152 820 magis
177 742 321 820 propria
344 739 533 801 multitudine
548 760 636 821 quam
658 741 791 804 bostium
806 746 917 806 uirtute
932 746 1053 824 depres·
1068 773 1080 812 5

47 847 109 888 sos.
163 825 256 887 Nam
288 823 423 902 pluribus
446 825 562 886 casibus
584 825 717 888 subiacet
737 828 862 907 amplior
883 828 1053 898 multitudo;

48 915 79 971 in
98 909 288 972 itineribus
306 926 360 986 pro
377 909 455 969 mole
471 929 523 970 sua
539 928 660 987 semper
676 919 720 972 est
734 913 856 986 tardior,
873 915 904 974 in
920 913 1056 992 longiore

47 1005 164 1056 eutem
189 995 325 1071 agmine
348 995 435 1053 etiarn
452 1013 467 1054 a
483 997 586 1073 paneis
608 1005 823 1073 superuentum
846 998 960 1060 adsolet
975 1002 1052 1078 pati;

52 1085 84 1141 iu
109 1081 200 1140 loeis
226 1085 334 1138 autem
350 1080 462 1157 asperis
478 1079 526 1140 uel
541 1079 713 1142 fluminibus
728 1084 917 1142 transeundis
933 1092 1055 1162 propter

57 1165 361 1244 inpedimentorum
378 1179 477 1223 moras
493 1182 581 1242 saepe
593 1165 755 1243 decipitur:
772 1177 926 1245 praeterea
942 1169 1055 1245 ingenti
1070 1197 1093 1233 ιο

59 1250 175 1309 labore
194 1249 375 1307 numerosis
390 1247 567 1310 animalibus
583 1251 729 1326 equisque
745 1251 851 1328 pabula
865 1251 1054 1328 colliguntur.

57 1335 124 1396 liei
143 1350 282 1410 qnoque
304 1329 517 1392 frumentariae
539 1332 710 1414 difficultas,
732 1354 809 1414 quae
823 1335 855 1394 in
870 1335 950 1395 omni
967 1354 1055 1414 expe·

59 1419 190 1478 ditione
217 1415 343 1476 uitanda
360 1425 419 1485 est,
442 1418 500 1476 cito
516 1418 645 1478 maiores
661 1417 763 1498 fatigat
778 1421 933 1480 exereitus.
979 1420 1052 1481 Nam

57 1499 269 1581 quantolibet
296 1499 394 1560 studio
420 1510 615 1580 praeparetur
641 1519 772 1572 annona,
803 1512 883 1564 tanto
912 1505 1055 1565 maturius

61 1588 193 1654 deficit,
232 1597 346 1662 quanto
370 1583 506 1663 pluribus
537 1594 684 1662 erogatur.
729 1592 811 1665 Aqua
838 1588 965 1667 denique
990 1591 1054 1667 ipsa
1069 1613 1093 1654 15

65 1674 187 1731 nimiae
214 1668 399 1729 multitudini
421 1669 579 1746 aliquando
601 1672 651 1730 uix
671 1673 789 1734 suflicit.
836 1673 919 1744 Quod
942 1673 965 1734 si
985 1692 1055 1734 casu

66 1759 154 1816 acies
173 1755 331 1820 uerteriut
348 1763 473 1832 tergum,
488 1772 612 1815 neeesse
629 1764 674 1815 est
690 1756 798 1818 multos
810 1757 917 1818 eadere
930 1758 966 1815 de
980 1758 1055 1818 mul·

66 1843 107 1900 tis
125 1848 157 1900 et
174 1838 261 1908 illos,
279 1839 330 1914 qui
346 1837 513 1916 effugerint,
529 1847 561 1899 ut
577 1840 668 1900 semel
685 1843 818 1911 territos,
835 1851 936 1921 postea
952 1842 1054 1900 sormi·

67 1925 147 1984 dare
176 1923 366 1983 conflictum.
412 1925 534 1984 Veteres
549 1931 662 1993 autem,
685 1927 735 2004 qui
751 1924 882 1986 remedia
898 1925 1055 1986 diitioulta·

71 2017 139 2068 tum
166 2008 385 2086 experimentis
407 2007 586 2078 didieerant,
609 2019 746 2070 nontam
769 2028 945 2071 numerosos
965 2029 1052 2088 quam
1067 2037 1092 2076 20

73 2093 221 2153 eruditos
251 2094 344 2154 armis
371 2095 519 2153 exercitus
545 2092 656 2153 habere
682 2093 851 2154 uoluerunt.
897 2096 999 2170 ltaque
1025 2096 1055 2153 in

72 2175 250 2238 leuioribus
272 2175 359 2236 bellis
379 2196 468 2237 unam
490 2177 638 2254 legionem
660 2180 759 2238 mixtis
780 2178 911 2249 auxiliis,
933 2179 990 2238 hoe
1013 2186 1057 2238 est

71 2264 187 2322 decern
212 2260 291 2320 milia
308 2261 439 2339 peditum
461 2269 491 2321 et
512 2261 571 2321 duo
593 2261 672 2321 milia
695 2264 841 2341 equitum,
865 2262 1058 2323 crediderunt

75 2365 171 2424 posse
201 2345 356 2414 sulficere,
384 2364 471 2423 quam
499 2363 618 2406 manum
645 2357 798 2424 praetores
821 2345 905 2406 uelut
924 2349 1056 2406 minores

78 2431 178 2490 duces
196 2429 232 2489 ad
250 2429 467 2508 expeditionem
485 2448 574 2508 saepe
591 2431 747 2492 ducebant.
788 2430 873 2502 Quod
891 2432 916 2490 si
932 2447 1094 2507 magnaeus

98 2599 130 2647 V.
144 2599 181 2647 L.
232 2600 245 2647 1
260 2597 340 2648 huius
350 2597 447 2647 modus
454 2596 518 2650 A'rr’
532 2598 626 2649 hiem.
640 2599 759 2663 pPhuie
771 2613 805 2651 mi
819 2603 893 2664 uulpo
952 2601 967 2648 2
981 2594 1055 2664 oum]

80 2671 109 2714 et
120 2666 152 2716 Π
211 2667 227 2714 2
241 2663 335 2715 xerxis
342 2661 372 2714 π’
386 2664 474 2722 xersis
481 2666 550 2716 1.Ρὲ
560 2666 647 2716 xersis
655 2667 691 2718 M
700 2667 787 2716 serxis
793 2667 815 2717 G
827 2666 918 2716 serxes
928 2669 951 2715 Α
1000 2669 1015 2716 2
1030 2674 1058 2717 et

80 2729 134 2798 M]
144 2731 194 2782 uel
204 2749 239 2782 m.
251 2731 281 2781 π’
322 2735 338 2781 2
350 2732 516 2782 mithridatis
525 2749 546 2798 μ
558 2733 708 2784 mitridatis
715 2736 752 2796 (in
763 2734 792 2786 Π
800 2734 831 2784 ab
844 2737 896 2784 aliu
907 2751 981 2784 manu
992 2737 1057 2785 seri-

80 2802 161 2864 ptum)
175 2817 197 2848 π
209 2799 419 2850 mittridratisA
429 2801 627 2852 miztridratis
637 2801 659 2852 G
704 2799 893 2865 dlagunturd
948 2797 1057 2867 [eopio-

83 2864 134 2934 [οῖ]
149 2867 183 2918 Π
242 2869 277 2918 14
294 2867 497 2931 quantumlibet
509 2867 554 2917 dP
563 2871 638 2934 oulpo
694 2869 781 2919 studio
794 2864 903 2935 praep]
916 2868 1003 2919 studio
1016 2868 1056 2918 se-

83 2941 198 2997 paretur
213 2933 286 2997 (-ose
304 2951 367 2999 pur·
384 2935 412 2983 V
414 2953 421 2998 ;
442 2936 469 2984 ia
480 2935 506 2984 P
517 2935 573 2986 -ose
585 2939 611 2986 in
623 2940 640 2986 l.
654 2937 705 3000 er.)
718 2935 763 2986 dP
776 2935 891 2986 studiose
908 2951 1057 3001 praepare·

83 3007 125 3050 tur
137 3005 214 3067 sculpo
294 3004 326 3052 15
345 3001 412 3051 defit
423 3000 455 3053 A’
469 3003 574 3053 Medius
644 3005 675 3054 16
693 3005 780 3053 nimiu
793 3003 968 3056 multitudine
982 3002 1000 3054 d

86 3072 115 3120 11
133 3069 214 3119 acies
224 3069 289 3120 eesu
303 3069 334 3120 H
401 3070 433 3119 18
451 3066 589 3138 uel[ut]d

102 3204 128 3254 S.
142 3207 176 3256 L.
218 3208 234 3254 3
252 3204 381 3270 exemplu
391 3202 565 3271 releguntur]
577 3206 717 3270 exemplar
728 3207 872 3272 elegantur
885 3205 963 3272 (alig.
972 3206 1017 3267 Μ)
1028 3205 1055 3257 α’

124 3267 409 3338 sexereitus]-osn’
462 3270 616 3338 bessibus]
631 3273 753 3325 cassibus
760 3277 782 3324 A
835 3275 1015 3338 llongiorem
1028 3271 1056 3321 α’

133 3342 164 3390 10
180 3335 443 3406 inpedimentorum]
457 3339 651 3403 impeditorum
665 3341 695 3393 Π
747 3344 776 3392 11
796 3336 938 3406 equisque]
952 3339 1058 3400 eequis-

90 3455 159 3504 quse
171 3457 191 3506 μ
240 3444 273 3491 13
292 3436 420 3506 uitanda]
434 3407 555 3509 uidlgirda
567 3443 603 3492 M
647 3444 678 3492 17
696 3438 846 3508 uerterint]
860 3442 1003 3492 uerterent
1015 3440 1058 3504 Αμ

130 3511 161 3559 18
173 3504 301 3574 territos]
314 3508 429 3558 territus
437 3510 469 3570 al¹
518 3511 549 3559 19
563 3505 732 3575 conflictum]
747 3505 921 3559 conflictuH
964 3505 997 3552 21
1013 3519 1059 3555 ex-

88 3573 195 3643 ercitus]
210 3575 256 3628 ·os
262 3575 291 3626 α’
343 3572 633 3641 22unam]uriumM
681 3577 714 3625 25
727 3570 878 3640 ducebant]
888 3571 1062 3625 dieebnntss

138 3668 262 3708 uramus.
840 3659 856 3706 5
