2500 4034
297 263 306 272 ·
333 239 489 294 Praefatio.
525 237 657 290 Codicum
674 253 812 291 recensus.
967 253 1060 302 xxiii

72 399 251 456 Giuonhonio
266 397 416 461 cohiberi,
438 399 524 454 euius
536 399 803 470 interpretationem
827 397 934 471 Vepetii
946 397 1059 456 irone.

75 485 247 541 Fontunies
261 481 401 554 (Ftrenze
418 481 511 553 1815)
522 481 637 554 publici
649 484 723 538 turs
735 480 823 552 lecit,
839 484 992 541 sedetiam
1007 500 1058 542 ea-

71 578 151 626 tae-e
167 572 198 625 in
210 568 360 624 Parisinus
371 566 455 624 7233
467 564 528 639 (XI
534 567 565 624 V.
578 563 678 638 suec).
701 563 783 622 7387
802 564 845 638 (Χ
851 567 882 623 V.
894 567 939 640 n),
965 569 1058 626 Vetto.

78 655 186 726 Repete.
202 651 288 710 1880
298 650 460 724 (XV.e.)et
473 653 664 709 Ambrosiono
677 651 701 708 G
712 649 763 708 83.
795 651 933 724 Epistula
949 661 1056 724 ouum,

70 741 179 812 quatis
194 739 311 810 quodem
325 740 356 792 in
371 737 509 794 Parisino
525 735 608 794 7383
623 739 737 810 lepitun
753 737 828 794 hoec
844 731 940 807 est*).·

166 855 294 930 Populus
309 851 422 911 iubente
437 853 488 911 oleo
504 853 687 911 israheliticus
702 851 821 910 libenter
832 869 944 912 munera
957 854 1058 912 obtulit

69 941 110 998 ad
138 941 274 998 iabricam
299 937 484 1012 tabernaculi,
511 939 589 996 cuius
615 939 754 1014 exemplar
773 939 815 996 dei
844 939 945 1054 lentulo
969 942 1057 1016 moysi

74 1063 171 1118 iuerat
183 1069 333 1118 ostensum
343 1058 373 1114 in
383 1065 487 1116 moute.
509 1057 555 1114 alii
571 1058 679 1132 quidem
694 1075 790 1116 aurum
803 1025 901 1137 (anilo
917 1055 954 1136 o.)
972 1068 999 1116 et
1014 1077 1058 1116 ar·

72 1154 196 1222 gentum
214 1143 262 1201 uel
277 1150 369 1200 cetera
379 1139 480 1217 (cetera
490 1139 526 1219 c.)
539 1142 652 1216 copiose
663 1142 771 1200 neniis
782 1159 834 1201 neo
844 1162 899 1202 uon
912 1154 941 1202 at
952 1144 1057 1220 lapides

73 1231 245 1306 preciosos,
262 1227 374 1302 quidam
388 1244 457 1284 uero
472 1227 546 1304 ligna
561 1236 609 1285 ant
623 1227 711 1302 pelles
725 1227 896 1302 rubricatas,
912 1231 1058 1304 pauperio-

72 1333 122 1374 res
143 1331 219 1372 ncro
240 1313 316 1389 pilos
336 1329 495 1386 caprarum,
517 1321 548 1369 ut
568 1329 624 1370 nun
643 1329 746 1372 uacutm
761 1323 908 1388 appareret
923 1313 1057 1388 quispiam

74 1405 104 1458 iu
126 1407 288 1472 conspectu
309 1396 428 1468 domiui,
450 1399 578 1471 quoniam
599 1414 654 1454 non
676 1397 838 1472 quantitatis
856 1415 999 1456 munerum
1015 1407 1059 1455 est

74 1488 238 1544 trutinator
253 1482 304 1538 sed
317 1483 400 1540 animi
416 1482 509 1538 deuoti
525 1484 680 1556 inspector3
703 1484 752 1556 qui
766 1481 821 1540 duo
837 1485 942 1540 minuta
958 1484 1057 1542 uiduae

74 1571 235 1646 inspiciens
256 1566 319 1642 pius
334 1583 392 1623 eam
408 1565 540 1624 diuitibus
555 1569 583 1624 in
598 1567 737 1626 corhauau
754 1568 864 1625 misisse
881 1562 1056 1644 (militasse.)

73 1662 215 1712 testatur.
261 1651 411 1724 lomagna
433 1654 505 1710 euim
527 1651 609 1710 domo
631 1651 733 1709 diuersi
756 1668 821 1710 uasa
843 1662 908 1710 sunt
937 1655 1057 1728 generis,

74 1741 142 1798 uilia
174 1737 291 1812 quidem
316 1739 374 1797 suis
400 1736 495 1794 usihus
518 1739 672 1794 necessaria
697 1738 853 1810 aitpoeta:
886 1755 941 1796 uon
968 1741 1058 1796 omnia

73 1839 233 1898 possumus
257 1838 361 1878 omues.
405 1819 464 1896 ligo
479 1821 588 1895 quidem
605 1821 699 1890 inclite
713 1837 777 1893 rex,
801 1821 919 1880 famulus
934 1823 1057 1880 deuotis-

74 1913 167 1966 simos
189 1905 387 1964 .execlicutiam
413 1922 510 1970 seusus
535 1909 622 1964 uestri
647 1906 738 1964 sciens
765 1916 794 1963 et
814 1923 928 1964 acumen
953 1908 1057 1984 ingenii

73 1993 186 2070 gaudio
209 1991 340 2066 perinsus
362 2007 423 2048 snm
446 1986 516 2066 (sum
538 2009 592 2048 ont.
616 1992 705 2065 com),
730 1991 803 2066 qnod
826 2008 921 2050 amore
943 1993 1057 2068 sophiae

75 2077 224 2154 (solphiae
237 2069 309 2150 cod.)
324 2075 430 2132 animus
442 2078 478 2133 sit
491 2085 599 2132 ucenae
610 2076 711 2133 indolis
724 2071 836 2150 (indolis
847 2093 940 2149 supro
951 2081 1058 2134 lineum

73 2168 189 2236 script.
210 2163 241 2218 in
264 2159 339 2235 cod.)
368 2159 537 2227 nobilissime
565 2177 723 2218 succensus.
768 2161 944 2236 quamohrem
974 2165 1057 2219 statui

74 2249 163 2306 uobis
196 2245 295 2303 offerre
330 2243 475 2302 libellos
512 2243 617 2302 llauii
654 2247 776 2318 uegeti
809 2247 925 2303 renati
955 2247 992 2303 de
1021 2263 1058 2302 re
1133 2306 1136 2311 ,

75 2332 254 2401 militari,
287 2345 376 2404 quos
403 2331 590 2404 corrigere
622 2331 853 2388 curaui'siue
881 2331 1057 2404 exempla·

75 2410 207 2488 rio**)‚
232 2417 398 2489 qnoniam
421 2431 540 2486 unum,
563 2415 1057 2490 quodreppcreramtantnm

75 2503 181 2560 nicio
209 2501 426 2574 scriptorum
451 2502 501 2557 ita
531 2507 607 2556 erat
633 2501 879 2575 deprecatum,
908 2508 947 2556 ut
975 2500 1058 2556 lite·

77 2595 206 2644 ratura
237 2580 266 2660 (l.
294 2585 414 2642 dilutum
442 2589 471 2642 tn
504 2580 578 2658 coti.)
608 2599 831 2660 nequaqnam
856 2575 871 2665 ΙΙ
895 2585 951 2658 foi.
977 2587 1004 2642 1.
1028 2603 1057 2642 u.

78 2687 222 2729 manere
244 2677 304 2726 aut
325 2668 540 2727 intellectus
563 2669 641 2726 inde
663 2668 808 2728 utiliter
829 2668 955 2746 colligi
975 2687 1058 2744 pos-

78 2759 147 2828 sit,
170 2763 200 2811 ut
216 2763 279 2828 post
302 2755 442 2830 paschales
458 2752 654 2815 uenerabilium
670 2755 813 2814 doctorum
830 2755 913 2829 dapes
928 2763 956 2812 ct
971 2755 1056 2812 diuini

79 2841 188 2898 fluenta
204 2837 309 2912 eloquii
325 2855 376 2896 seu
390 2839 514 2896 mellifica
530 2835 671 2913 (mellefica
687 2837 761 2913 cod.)
778 2849 922 2914 poetarum
939 2842 1056 2897 carmina

82 2926 126 2984 his
155 2925 211 2982 irui
236 2923 337 2981 libellis
371 2924 613 2982 condescendendo
640 2923 821 2982 delectatione
854 2924 976 2983 exercitii
1002 2943 1057 2984 non

82 3013 187 3085 pigeat.
219 3010 368 3066 nonenim
390 3005 497 3083 aquila,
519 3025 589 3082 quae
610 3011 708 3066 ceteris
730 3005 840 3084 (ceteris
863 3006 936 3087 cod.)
960 3013 1058 3069 auibus
1114 3061 1118 3068 .

83 3145 168 3202 altius
184 3143 278 3202 colare
294 3151 322 3200 et
337 3145 420 3232 rasilis
436 3144 504 3202 solis
519 3143 636 3202 intuitus
657 3143 741 3220 ligere
758 3099 834 3221 (nire
849 3143 923 3224 cod.)
940 3163 1058 3204 consue·

151 3344 177 3410 ⁸)
197 3343 394 3408 inscriptionem
413 3344 544 3409 ‘Epistola
557 3343 672 3396 Senecae
689 3346 725 3396 ud
741 3345 881 3396 Loeeumon’
899 3357 962 3393 untes
979 3343 1059 3394 hebet

86 3411 258 3530 {tr-'effigiare
294 3411 397 3462 Initium
423 3428 501 3478 usque
523 3414 559 3462 ori
584 3427 660 3464 noces
682 3415 743 3479 Ego
768 3412 875 3476 qttidem
902 3425 952 3460 non
977 3411 1058 3460 edidit

134 3549 174 3608 ⁸⁸)
195 3547 236 3613 Of.
250 3549 339 3598 eadem
350 3547 430 3598 uerba
440 3549 637 3614 subscriptionis
649 3547 835 3610 Eutropionae.
