2520 4044
440 163 503 214 nio.
522 162 592 224 1n1,
613 166 653 214 aa.
671 165 714 213 aa.
1001 163 1060 226 143

83 331 261 375 mensuram
279 318 342 376 eius
357 325 427 377 ante
443 315 626 393 collegerint,
643 315 796 393 dirigatur,
812 325 950 396 penetrat
965 318 1058 398 quod·

83 416 219 476 cumque
242 403 431 478 percusserit.
478 400 596 478 Onager
616 406 713 460 autem
735 399 836 478 dirigit
856 401 984 480 lapides,
1006 403 1058 464 sed

84 501 139 559 pro
163 503 330 546 neruorum
351 485 546 547 crassitudine
566 493 597 544 et
611 485 815 563 magnitudine
830 504 969 548 saxorum
985 506 1059 567 pon·

86 567 159 627 clera
177 568 332 630 iaculatur.
370 569 444 632 Nam
461 579 573 647 quanto
588 570 715 649 amplior
731 571 830 639 luerit,
847 577 929 632 tanto
945 574 1057 634 maiora

87 671 157 714 saxa
189 653 323 715 fulminis
349 675 435 716 more
456 663 642 731 contorquet.
687 655 739 715 llis
760 654 877 718 duobus
897 656 1084 734 generibusu
1140 663 1143 668 “

90 736 170 797 nulla
186 747 406 800 tormentorum
422 741 537 818 sp'ecies
552 738 757 801 uehementior
772 741 933 801 inuenitur.
971 739 1059 802 Scor·

89 823 197 898 pioncs
212 823 360 894 dicebant,
377 843 451 903 quas
466 843 547 885 nnnc
561 822 781 885 manuballistas
796 831 913 894 uocant,
930 825 998 886 ideo
1015 828 1059 888 sie

91 911 267 986 nuncupati,
296 909 376 987 quod
403 910 505 988 paruis
531 908 749 988 subtilibusque
775 908 899 987 spiculis
925 911 1059 972 inierunt

91 1001 228 1054 mortem.
272 993 441 1055 Fusubalos
467 992 672 1054 arcuballistas
699 1002 728 1054 et
752 994 859 1056 fundas
886 995 1058 1058 describere

91 1077 274 1155 superfluum
297 1087 385 1157 puto,
407 1097 483 1158 quae
504 1095 645 1156 praesens
666 1097 734 1139 usus
750 1081 898 1156 agnoscit,
920 1083 1097 1141 saxista·1o

93 1180 159 1222 men
182 1164 369 1240 grauioribus
389 1181 443 1243 per
465 1181 609 1240 onagrum
630 1163 784 1224 destinatis
800 1183 861 1225 non
877 1163 972 1226 solum
990 1167 1056 1242 equi

94 1245 240 1308 eliduntur
260 1258 290 1311 et
316 1248 453 1310 homines
479 1246 531 1309 sed
560 1250 647 1308 etiam
669 1248 797 1308 bostium
820 1249 1057 1310 machinamenta

95 1332 277 1409 tranguntur.
327 1333 429 1394 XXlll.
454 1332 620 1395 aduersum
647 1335 756 1394 arietes
783 1335 871 1394 etiam
893 1333 941 1395 uel
967 1332 1058 1394 lalces

96 1425 162 1476 sunt
182 1416 265 1494 plura
281 1418 424 1480 remedia.
469 1417 619 1494 aliquanti
635 1425 777 1478 centones
796 1425 825 1478 et
840 1416 964 1480 culcitas
980 1418 1057 1479 luni·

30 1543 31 1546 ,
96 1499 148 1560 bus
168 1501 284 1564 obelant
306 1512 336 1565 et
355 1502 414 1564 illis
434 1501 591 1581 obponunt
610 1501 698 1571 locis,
721 1521 778 1581 qua
795 1502 893 1564 caedit
909 1505 1001 1572 aries,
1024 1511 1096 1565 ut15

99 1585 217 1664 impetus
239 1588 397 1650 machinae
417 1589 541 1648 materia
562 1586 699 1648 molliore
714 1587 827 1650 tractus
849 1605 909 1648 uon
926 1588 1058 1650 destruat

98 1688 217 1732 morum.
254 1673 312 1734 Alii
328 1672 440 1751 laqueis
456 1679 557 1750 captos
574 1673 682 1732 arietes
697 1689 751 1751 per
766 1671 987 1734 multitudinem
1002 1674 1055 1734 bo·

99 1757 200 1817 minum
222 1758 260 1818 de
282 1776 369 1819 muro
389 1759 421 1817 in
438 1755 593 1833 obliquum
609 1757 732 1818 trabunt
747 1765 776 1818 et
793 1776 860 1817 cunr
876 1759 949 1835 ipsis
965 1765 1057 1818 testu-

100 1839 208 1902 dinibus
234 1849 387 1904 euertunt.
431 1841 536 1902 Plures
563 1843 593 1900 in
620 1841 739 1901 modum
767 1841 877 1902 forficis
905 1842 1056 1904 dentatum

29 1945 31 1966 a
99 1924 208 1988 lenibus
228 1927 356 2006 inligant
373 1928 500 1995 lerrum,
524 1944 611 2004 quem
627 1924 728 2004 lupum
745 1934 867 2000 uocant,
888 1926 1095 2006 adprobante

29 2041 30 2092 3
101 2028 216 2088 sumque
233 2014 360 2074 arietem
383 2019 432 2072 aut
452 2019 592 2072 euertunt
607 2019 657 2071 aut
673 2011 711 2071 ita
728 2011 930 2091 suspendunt,
954 2019 987 2072 ut
1002 2014 1057 2072 im·
1096 2020 1118 2068 ο

111 2233 139 2282 V.
151 2233 183 2285 L.
236 2235 250 2282 1
272 2232 437 2297 collegerint
448 2248 468 2281 π
480 2230 643 2296 colligerent
655 2247 674 2281 α
686 2230 850 2295 colligerent
863 2232 878 2281 t
958 2233 970 2280 1
992 2230 1057 2281 diri·

100 2305 188 2363 gantur
201 2299 247 2352 aP
315 2302 329 2349 1
349 2303 476 2364 penetret
494 2297 683 2362 quodcumque
701 2298 864 2364 percusserit
881 2297 918 2360 (io
935 2305 1057 2348 contextu

101 2372 212 2430 ombmm,
225 2371 253 2419 in
264 2370 379 2434 margine
392 2365 420 2429 (a
433 2365 477 2428 tr)
489 2369 630 2430 suppletum
642 2366 686 2430 M)
698 2367 737 2416 eP
747 2369 875 2430 penetrat
887 2381 1056 2430 quecumque

101 2437 253 2498 percusserit
266 2434 297 2486 Π
312 2438 459 2498 penetrent
476 2448 648 2498 quocumque
665 2433 846 2498 perculserint
861 2435 887 2482 V
902 2428 953 2500 [p]
974 2447 1057 2497 quee-

101 2503 423 2569 cumqnepercull'erintll
458 2497 542 2565 ised]
555 2503 600 2551 et?
630 2501 1032 2566 lmaioreumniorumagilt

102 2571 220 2636 lqnosaa’
258 2569 723 2634 11equiethomineielidunturH
755 2567 936 2621 ciaxxtll.
962 2569 1057 2621 tead-

100 2640 181 2690 uerlul
191 2640 222 2692 Π
290 2640 322 2688 15
341 2638 455 2688 chalant
471 2637 579 2688 Turneb.
594 2639 662 2687 Ado.
675 2640 719 2696 245
730 2640 762 2687 25
780 2637 875 2686 celant
889 2637 932 2689 all
945 2638 1058 2688 calcent

102 2704 137 2755 dP
186 2709 218 2758 15
237 2722 292 2771 qna
306 2707 407 2771 quuo
423 2707 449 2755 V
460 2720 512 2770 que
525 2704 619 2768 liquo
632 2707 656 2755 D
726 2707 758 2755 15
776 2701 878 2773 caedit]
899 2705 972 2755 cedit
984 2704 1058 2769 ΑμΠ

158 2779 188 2828 18
206 2774 432 2825 trahuntsnrsum
446 2776 474 2823 et
486 2772 515 2823 Π
596 2775 626 2822 19
645 2777 780 2822 auertunt,
805 2769 909 2838 plures]
928 2776 1057 2821 auertunt

103 2840 390 2906 plures.Gen.plures.
415 2840 515 2890 Aliill
584 2843 617 2890 20
636 2839 796 2906 alligantll
868 2843 901 2892 20
919 2838 1056 2904 quodllD

142 2913 170 2962 at
190 2905 331 2975 auertunt]
346 2912 475 2960 auertunt
486 2909 510 2958 P
522 2907 717 2972 Oudendorpiuo
768 2910 799 2958 21
819 2904 872 2976 ita]
887 2909 993 2959 modico
1006 2907 1035 2958 Π

117 3113 137 3166 S.
148 3116 178 3165 L.
230 3109 456 3180 3crallitndine]
475 3111 678 3164 crailitudinem
696 3108 724 3161 u’
816 3107 1054 3178 3megnitudine]

105 3179 316 3248 magnitudine(
329 3180 379 3247 er.)
393 3184 414 3232 A
461 3184 477 3232 5
495 3175 631 3245 fulminis]
644 3179 766 3229 flaminii
774 3178 804 3230 H
815 3178 863 3244 (V)
912 3181 927 3231 b
946 3183 1057 3229 contor-

105 3285 151 3348 quit
163 3282 189 3334 α’
259 3285 275 3333 6
293 3282 433 3349 scorpinel
441 3282 464 3333 Α
476 3255 617 3349 Γοονρῗυθΐ
626 3281 648 3330 d
715 3284 730 3332 9
750 3278 942 3331 ercobollistal
952 3293 964 3330 e
978 3293 1055 3328 arcta·

105 3352 204 3402 balistas
212 3351 243 3402 H
312 3354 343 3402 13
362 3347 538 3417 franguntur]
554 3352 718 3413 frangentur
731 3351 762 3412 Α,

105 3417 158 3470 Car.
169 3419 272 3470 XXIII.
325 3421 356 3470 15
375 3424 516 3484 opponunt
528 3419 578 3484 μΠ
659 3419 690 3466 16
709 3411 825 3480 fractus]
840 3411 947 3464 fructos
955 3410 983 3462 α’

107 3488 130 3538 18
145 3481 295 3554 obliquum]
310 3486 449 3538 oblicnum
462 3483 490 3536 α’
561 3489 594 3536 20
613 3482 724 3549 appreh.
739 3481 768 3533 Π
