2500 4034
190 243 253 291 mv
387 209 391 216 ’
598 227 750 280 Praefatio.

192 402 231 443 en
251 343 443 443 ¹eodem'libro
459 386 624 456 descriptus
644 391 696 441 est.
743 367 923 440 Secunddrii
938 384 1109 440 testes'sunt
1123 385 1162 440 ab
1244 369 1245 440 ἶ

192 487 251 528 una
274 477 363 542 parte
390 468 662 542 Guetpberbptanus
680 468 836 526 'Gudianus
857 467 897 525 84
918 469 1030 526 sacculi
1045 469 1084 524 X.
1107 484 1161 526 en·
1244 479 1245 526 ἑ

116 578 125 590 ·
192 558 286 613 euntis
305 556 352 610 uel
375 555 517 612 undecimi
530 555 613 610 nobis
630 553 653 610 G
671 583 705 593 -
724 568 807 626 quem
823 551 1017 610 Scbmebelius
1031 553 1162 610 adhibuit
1244 533 1245 614 Ῐ

196 669 233 680 --
251 646 278 696 et
292 639 448 696 Parisinus
464 637 547 696 7230
561 639 595 708 A,
609 653 696 710 auem
710 656 767 695 non
782 641 811 693 in
828 645 976 696 certamen
991 641 1165 694 uocauimus
1244 641 1245 706 i

191 731 290 796 utpote
305 722 446 780 camilia
461 724 590 780 amnibus
602 723 670 795 sere
686 726 778 779 uariis
792 724 962 780 lectionibus
978 725 1159 780 consentien-

191 816 246 865 tem
267 812 417 882 ipsumque
438 809 685 882 neptepentissimo
705 813 875 877 exoratum,
898 808 935 864 ab
956 809 1051 863 altera
1071 811 1163 878 parte
1244 821 1245 828 ¹

190 893 345 950 Parisinus
358 891 440 950 7383
452 892 490 948 X.
503 906 582 948 saec.
598 891 681 949 nobis
692 892 724 962 Q,
741 891 942 949 laudunensis
953 889 1016 948 428
1028 891 1066 948 X.
1080 905 1104 948 s.
1116 894 1160 946 in-
1244 891 1245 968 ᾗ

191 981 285 1035 euntis
304 979 386 1034 nobis
404 977 442 1047 L,
464 975 639 1033 Dresdensis
658 975 685 1034 D
709 975 767 1034 182
782 977 821 1032 X.
838 991 917 1034 saec.
960 975 1033 1034 Illos
1054 992 1119 1032 cum
1134 976 1163 1032 A
1244 969 1245 1040 ζ

191 1077 254 1119 esse
269 1063 525 1131 coniunctissimos,
540 1062 594 1118 bos
608 1073 643 1102 —‘
658 1063 740 1118 nobis
754 1055 804 1131 Ν)
819 1089 853 1102 -
869 1077 1041 1134 quampmm
1056 1064 1162 1116 mirum
1244 1069 1245 1112 1

191 1154 329 1221 quantum
357 1148 547 1218 interpolatos
575 1162 613 1202 ac
637 1148 817 1218 deprauatos
840 1149 1024 1219 prorsusque
1052 1147 1164 1203 nullius
1244 1145 1245 1210 ξ

186 1235 279 1304 pretii
298 1239 393 1288 tomen
414 1234 444 1287 in
466 1231 636 1304 quibusdam
653 1231 811 1290 leuioribus
826 1232 865 1287 ael
877 1229 910 1286 M
922 1233 1057 1302 proxime
1073 1233 1161 1288 aoce—
1244 1229 1245 1310 ]

191 1319 261 1374 dere
282 1321 405 1374 constat.
451 1315 534 1386 Quod
552 1317 733 1373 Bernensem
750 1316 879 1372 Parisin.
903 1313 985 1372 6503
1010 1313 1161 1370 Dresden·
1244 1315 1245 1358 ἒ

191 1417 250 1460 scm
276 1402 313 1458 ab
342 1408 493 1474 apparatu
521 1408 621 1458 nostro
647 1403 839 1471 exclusimus,
871 1403 1024 1469 neminem,
1060 1411 1159 1470 spero,
1244 1423 1245 1478 }

191 1487 335 1558 offendam
353 1485 468 1557 lactum
488 1493 531 1542 est
551 1502 591 1542 esc
606 1501 640 1541 eu
657 1489 779 1543 criticae
800 1488 933 1554 rationc,.
952 1501 1038 1557 quam
1054 1487 1085 1540 in
1100 1484 1162 1539 bac
1244 1519 1245 1528 a

191 1573 360 1628 recensione
385 1571 540 1627 ineundam
565 1571 756 1626 iudicauimus
781 1567 834 1641 (cl.
857 1584 932 1642 quae
957 1573 987 1625 in
1016 1567 1162 1624 Teubneri
1244 1621 1245 1632 2

191 1653 420 1728 ‘Mittbeilunpen
441 1655 509 1712 etc?
538 1651 567 1709 2.
586 1671 616 1726 p.
640 1653 667 1709 7.
694 1656 729 1712 dc
755 1661 855 1710 nostra
880 1654 1003 1712 editione
1028 1652 1163 1724 professi

87 1739 89 1744 '
159 1791 160 1794 ,
191 1737 309 1810 sumus).
1105 1767 1115 1774 -

285 1823 417 1881 Venimus
438 1823 478 1880 ad
491 1823 682 1896 archetypum
698 1825 821 1880 alterius
836 1824 953 1894 classis,
976 1836 1059 1896 quern
1074 1837 1097 1876 m
1112 1822 1162 1878 uel

191 1909 223 1964 π’
240 1937 275 1950 -
294 1909 507 1982 quiddifferat,
527 1906 689 1978 uideinfra
707 1935 744 1948 -
760 1909 949 1964 nominamus.
994 1906 1082 1976 Quem
1094 1907 1161 1978 plc-
1244 1921 1245 1946 ³

191 1995 301 2050 nio'rcm
326 2001 414 2066 etque
440 1995 645 2050 correctiorem
667 2009 752 2066 quam
774 2008 788 2047 ε
812 1991 958 2063 fuissent
981 1993 1040 2048 iam
1064 2006 1160 2062 supra
1244 1999 1245 2042 1

190 2080 297 2135 dictum
318 2085 376 2148 est,
398 2081 439 2135 ito
461 2080 512 2151 qui
524 2079 642 2147 leuiter,
667 2094 742 2150 quae
761 2079 864 2133 intere
881 2083 909 2131 et
922 2094 944 2130 n
964 2075 1160 2145 intercedunt,

190 2164 405 2236 discrepantias
413 2165 608 2234 percurrerit,
620 2163 699 2218 bunc
710 2163 839 2219 codicum
851 2162 976 2218 ordinem
986 2177 1041 2234 pro
1048 2159 1160 2232 sundo-

191 2255 284 2306 mento
303 2249 497 2305 instituendae
517 2240 638 2304 criticae
653 2248 783 2304 editionis
797 2247 959 2303 babendum
974 2246 1160 2302 indicauerit.
1244 2271 1245 2292 ÷

192 2331 250 2390 Sed
264 2335 350 2391 aliter
365 2347 414 2390 res
428 2347 459 2390 se
473 2333 568 2391 babet.
605 2333 733 2389 Primum
749 2334 862 2405 antiqui
872 2329 947 2401 libri,
964 2334 1014 2404 qui
1027 2331 1067 2386 ad
1079 2329 1162 2386 banc
1244 2317 1245 2374 Ϊ

191 2420 315 2475 classem
327 2421 487 2490 pertinent,
503 2421 586 2491 lonpe
597 2421 852 2489 penetensem,
868 2417 944 2473 unde
957 2417 1005 2488 fit,
1022 2422 1053 2472 ut
1068 2413 1160 2470 trodi-

191 2509 287 2559 tarum
298 2504 451 2560 lectionum
466 2506 545 2576 oripo
559 2509 586 2558 et
592 2517 771 2576 propressus
785 2503 840 2559 boc
854 2503 884 2557 in
900 2501 1002 2558 ordine
1013 2503 1106 2556 minus
1121 2503 1159 2556 sit
1244 2547 1245 2556 ,

107 2591 113 2600 ’
188 2590 380 2660 perspicuum
415 2589 516 2644 deinde
535 2590 708 2660 quicumque
730 2587 892 2659 dilipentius
913 2592 1049 2642 naturam
1070 2584 1159 2640 buius
1244 2577 1245 2582 ’

192 2673 295 2728 classis
306 2671 544 2744 perscrutabitur
559 2672 687 2744 sinantia,
704 2671 807 2744 quibus
819 2685 835 2728 ε
845 2676 873 2726 et
887 2670 1069 2742 sedifferunt,
1084 2670 1160 2725 locis

191 2763 333 2814 accurate
348 2757 539 2813 consideratis
553 2763 640 2829 atque
654 2758 807 2828 expensis,
822 2758 863 2811 itu
879 2769 942 2810 cam
958 2759 1158 2825 comparatam
1244 2795 1245 2802 κ

191 2845 322 2914 reperiat
336 2855 456 2898 necesse
471 2848 526 2911 est,
544 2849 588 2911 ut,
605 2842 636 2897 id
649 2843 727 2914 qnod
739 2845 798 2898 iam
811 2856 917 2912 supra,
932 2856 997 2896 cum
1011 2839 1047 2896 de
1061 2841 1161 2909 operis

190 2927 379 2999 inscriptione
394 2929 670 2999 operemusleuiter
680 2927 791 2999 quidem
803 2925 951 2998 tetipimus,
965 2924 1002 2979 ob
1011 2925 1158 2996 inpenioso
1244 2923 1245 2976 3

192 3012 314 3084 quodum
328 3011 440 3068 bomine
454 3015 583 3084 scriptus
597 3011 747 3083 uideatur,
765 3013 815 3084 qui
828 3025 892 3066 cum
908 3009 1063 3078 baccilia,
1081 3024 1158 3080 quae

191 3096 272 3154 baud
287 3097 380 3170 probe
400 3104 494 3153 mente
509 3099 733 3170 adsequeretur,
757 3111 809 3152 suo
825 3095 946 3150 arbitrio
961 3102 1048 3166 atque
1063 3107 1158 3148 emen·
1244 3145 1245 3154 ,

191 3182 281 3238 dandi
293 3181 387 3238 studio
400 3183 592 3254 interpolaret
606 3188 663 3239 tum
679 3184 837 3254 antiquitus
853 3181 960 3237 tradita
976 3180 1061 3242 uitia,
1079 3193 1156 3248 quae
1244 3201 1245 3234 1

190 3321 392 3332 ——u——-=

259 3400 283 3458 Ι’)
302 3397 349 3450 Ad
363 3397 428 3448 banc
449 3398 610 3448 detminata
629 3391 752 3458 familiam
766 3397 890 3462 pertinuit
905 3397 1003 3454 maen,
1026 3392 1091 3442 unde
1109 3390 1156 3440 Cu·

189 3480 255 3518 sana
267 3473 394 3531 excerpta
407 3463 425 3526 (‘
431 3465 514 3516 Uebcr
527 3469 583 3518 eine
594 3465 767 3526 Hondocbrist
778 3467 824 3516 der
834 3465 955 3515 Nicolous
962 3479 1009 3514 uon
1019 3459 1084 3512 Caes
1094 3465 1157 3513 cto!

190 3539 295 3586 auclore
307 3534 363 3588 dos.
376 3533 454 3583 Klein
465 3551 493 3598 p.
506 3535 538 3585 39
551 3539 576 3584 el
588 3532 631 3598 40)
644 3541 742 3598 sumpto
754 3541 820 3584 sunt.
