2500 4034
475 207 536 256 Lib.
555 207 576 264 1,
598 209 637 256 11.
660 208 699 255 re.
1028 205 1067 270 15

30 361 31 368 ’
83 361 170 418 etiam
201 367 280 436 post
299 358 454 418 meridiem
481 357 698 418 exercebantur
724 358 759 418 ad
787 358 879 436 palos.
925 359 1062 422 Paiorunr

28 450 30 453 ’
81 445 159 503 euim
188 461 274 504 usus
298 461 356 502 non
378 441 476 503 solnm
498 441 640 502 militibus
661 442 713 502 sed
735 444 822 503 etiam
851 442 1063 521 gladiatoribus

77 528 256 606 plurimum
274 526 402 605 prodest.
449 527 511 586 Nec
528 543 666 603 umquam
683 535 734 588 aut
750 527 859 588 harena
876 537 925 589 aut
940 547 1062 610 campus

77 614 238 672 inuictum
263 613 354 671 armis
375 613 475 672 uirum
490 611 642 690 probauit,
665 613 722 672 nisi
737 614 788 690 qui
803 611 962 689 diligenter
978 633 1060 674 exer·

76 699 187 758 citatus
214 695 383 756 docebatur
404 695 440 756 ad
461 696 571 774 palum.
616 696 778 774 dsinguiis
800 705 898 756 autern
916 699 1089 762 tironibnss

76 781 188 860 singuli
209 781 275 860 paii
292 779 498 857 defigebantur
511 783 543 840 in
560 791 680 847 terram,
697 783 736 842 ita
754 790 786 842 ut
802 790 905 842 nutare
918 800 977 842 non
994 800 1059 861 pos·

76 877 142 927 sent
161 876 197 926 et
215 884 271 926 sex
288 865 413 943 pedihus
429 865 605 925 eminerent.
647 864 754 925 Contra
769 865 852 927 isium
869 865 970 946 patum
987 876 1060 928 tam·

75 970 168 1029 qnam
200 958 312 1012 contra
338 949 544 1010 aduersarium
572 951 629 1008 tiro
656 969 723 1010 eum
749 960 830 1010 erate
856 950 904 1010 isia
927 960 957 1012 et
977 951 1059 1012 eiarra

75 1038 162 1096 uelut
193 1053 269 1097 cum
290 1033 389 1112 gladio
410 1053 443 1096 se
464 1033 622 1095 exercebat
643 1043 672 1093 et
694 1043 791 1104 scuto,
821 1044 853 1096 ut
874 1053 954 1096 nunc
976 1040 1059 1116 quasi

75 1129 167 1200 caput
197 1128 253 1182 aut
276 1119 384 1180 satiem
410 1126 541 1197 peteret,
573 1135 651 1179 nunc
674 1138 691 1178 a
717 1117 859 1180 lateribus
885 1122 1058 1190 minaretur,
1075 1149 1100 1187 m

74 1206 238 1266 interdum
261 1204 459 1264 contenderet
478 1203 606 1283 poplites
627 1212 656 1264 et
678 1222 763 1264 crura
782 1203 953 1271 succidere,
976 1225 1059 1265 rece-

77 1290 164 1350 deret
189 1289 359 1350 adsultaret
378 1287 519 1358 insiliret,
542 1290 627 1368 quasi
641 1297 830 1368 praesentem
847 1287 1058 1358 aduersarium,

77 1377 117 1434 sie
136 1375 246 1455 palum
264 1375 348 1434 omni
363 1376 487 1452 impetn,
505 1376 586 1433 omni
604 1372 731 1434 bellandi
748 1380 811 1433 arte
827 1379 993 1450 temptaret.
1025 1373 1056 1433 sn

78 1477 134 1536 quta
152 1459 355 1520 meditatione
377 1457 552 1518 seruabatur
567 1457 615 1517 ilia
632 1456 761 1526 cautela,
786 1465 817 1518 ut
834 1457 871 1517 ita
888 1459 945 1517 tiro
962 1458 997 1517 ad
1013 1459 1058 1518 in·

80 1544 245 1606 serendum
261 1541 373 1604 uulnus
389 1544 565 1620 insurgeret,
584 1561 620 1602 ne
636 1559 692 1620 qua
710 1550 793 1621 parte
809 1544 872 1621 ipse
887 1551 1003 1620 pateret
1019 1541 1054 1602 ad
1070 1562 1095 1600 15

80 1628 211 1707 piagam.
258 1627 321 1687 Xii.
360 1626 517 1688 Praeterea
538 1644 599 1687 non
621 1629 730 1686 caesim
747 1627 798 1688 sed
816 1629 948 1704 punctim
965 1627 1055 1688 scrire

81 1712 251 1774 discebant.
284 1711 356 1771 Nam
374 1713 482 1772 caesim
498 1719 663 1790 pugnantes
675 1729 734 1771 non
748 1710 842 1772 solmn
856 1711 942 1770 saciie
954 1715 1056 1772 uicere

81 1798 131 1857 sed
154 1801 248 1860 etiam
265 1795 399 1856 derisere
415 1796 549 1858 Romani.
594 1796 684 1857 Caesa
702 1798 795 1864 enim,
819 1798 925 1872 quouis
942 1796 1054 1875 impetu

81 1887 198 1951 ueniat,
218 1899 280 1940 non
296 1882 470 1959 srequenter
485 1881 635 1950 interficit,
652 1898 719 1941 cum
736 1891 765 1941 et
780 1881 869 1940 armis
884 1879 985 1940 uitalia
1002 1880 1052 1940 de·-

80 1967 244 2029 sendantur
266 1964 447 2032 messibus:
476 1974 506 2026 at
526 1973 628 2025 contra
650 1973 758 2044 puncta
780 1965 853 2025 duas
879 1967 981 2026 uncias
1004 1965 1054 2025 ad·
1069 1979 1095 2019 20

81 2061 143 2112 aeta
165 2049 306 2112 mortuiis
329 2061 388 2118 est;
418 2068 539 2110 necesse
561 2057 605 2110 est
627 2051 720 2120 enim,
748 2058 780 2109 ut
801 2048 899 2110 uitalia
921 2057 1057 2130 penetret

82 2135 227 2215 quicquid
248 2136 435 2212 inmergitur.
481 2135 606 2204 Deinde,
628 2135 699 2194 dum
720 2151 805 2195 caesa
825 2134 965 2203 insertur,
989 2133 1055 2194 bra·

82 2221 182 2282 chium
212 2221 351 2280 dextrum
379 2219 514 2297 latusque
542 2219 684 2285 nudatur:
719 2226 828 2298 puncta
856 2229 952 2279 autem
977 2225 1056 2277 tecto

83 2324 213 2385 corpure
228 2305 357 2365 insertur
373 2311 401 2364 et
417 2303 622 2366 aduersarium
639 2305 750 2366 sauciat
766 2311 834 2364 ante
846 2320 933 2379 quam
945 2301 1053 2362 uideat.

84 2390 217 2468 ideoque
241 2389 278 2449 ad
301 2387 502 2449 dimicandum
523 2389 580 2448 hoc
601 2389 759 2468 praecipue
775 2405 886 2466 genere
902 2405 969 2446 usos
986 2403 1054 2446 con·
1069 2417 1096 2457 25

83 2483 139 2536 stat
167 2492 236 2534 esse
262 2474 427 2541 Romanos3
457 2471 537 2552 dupli
563 2481 660 2534 autem
683 2472 823 2552 ponderis
846 2471 895 2530 illa
917 2471 1006 2531 cratis
1027 2479 1057 2532 et

86 2559 170 2620 riarra
190 2559 259 2618 ideo
276 2557 438 2626 dabantur,
461 2566 508 2627 ut,
523 2576 598 2619 ¹eum
622 2577 692 2618 uera
714 2568 743 2618 et
763 2557 875 2617 leuiora
897 2557 954 2616 tiro
974 2573 1055 2616 arma

98 2729 130 2778 V.
144 2731 179 2779 L.
229 2730 245 2778 5
258 2727 300 2776 Ad
313 2726 428 2793 singulis
437 2727 465 2776 H
499 2728 514 2776 6
527 2727 556 2776 in
570 2725 681 2792 terram]
696 2727 724 2775 in
736 2731 888 2776 terracorr.
899 2740 934 2774 erc
946 2722 1059 2774 interris

86 2793 111 2844 Π
128 2793 281 2846 interrad
351 2793 503 2845 suetudo
573 2797 604 2846 10
624 2789 654 2860 [a
685 2793 821 2844 lateribus
830 2791 1056 2856 dOudendorpios

131 2867 161 2914 11
183 2859 378 2914 succideretu’
450 2865 480 2912 12
499 2861 652 2912 adsultaret
683 2859 856 2912 insultaretd
899 2859 1016 2910 insiliret
1029 2863 1056 2910 et

88 2935 158 2997 uulgo
233 2929 297 2980 Cre.
315 2931 377 2981 XII.
458 2933 488 2981 18
509 2926 607 2996 [enim]
628 2930 656 2980 Π
737 2932 769 2980 ’23
793 2925 942 2994 latusque]
960 2927 988 2978 Π

87 2999 194 3059 teetaQ
269 2999 300 3048 26
321 2997 438 3062 duplicis
447 2995 465 3048 d
501 2998 604 3062 duplici
617 2996 664 3058 QP
715 2995 843 3047 cratesss

102 3134 130 3184 S.
145 3135 177 3184 L.
236 3133 443 3198 lpostmeridie
462 3132 490 3182 Π
558 3129 709 3198 3harena]
731 3129 864 3182 areneA’
928 3131 1057 3194 energi-

86 3203 183 3252 bautur
201 3203 237 3252 M
322 3197 430 3266 nutare]
452 3205 550 3250 notare
567 3197 595 3250 α’
692 3197 808 3264 possent]
828 3199 932 3264 possint
950 3200 990 3248 sP

88 3272 101 3318 9
117 3269 157 3336 ut]
178 3275 207 3320 et
219 3267 299 3334 p(P¹)
366 3270 397 3316 12
415 3266 544 3332 insiliret]
563 3267 713 3318 insilerete
779 3270 812 3318 14
830 3265 987 3318 cautellam

89 3337 148 3388 Cer.
166 3337 230 3389 XII.
298 3337 329 3386 16
348 3337 448 3386 caesim
460 3332 626 3400 pugnantes]
648 3336 748 3386 caesim
762 3335 806 3386 sed
818 3330 976 3399 pugnantes
985 3345 1004 3378 oc

92 3409 119 3455 l's
134 3402 241 3471 uicere]
257 3405 371 3453 uincere
391 3405 430 3454 sP
498 3406 528 3453 19
547 3399 691 3468 interficit]
712 3402 891 3452 interfecitA
960 3398 993 3446 20
1012 3399 1039 3442 at

91 3475 120 3523 ad
141 3472 168 3525 α’
223 3472 321 3524 untias
340 3473 375 3522 M
475 3473 507 3522 25
531 3469 720 3521 demicandum
743 3470 779 3520 M
883 3463 1038 3514 citeriora

90 3540 219 3608 leuiorap
