2500 4034
199 246 242 310 44
527 248 588 298 mu
609 247 646 313 11,
669 250 706 302 n.
729 249 767 300 12.
788 250 828 298 13.

201 407 270 462 rent
291 399 337 462 uel
362 407 498 478 quassata
520 407 703 479 repararent.
748 397 905 460 Habebunt
927 401 1014 460 etiam
1039 399 1210 464 fabricas

201 487 346 548 scutarius
361 485 514 546 loricarias
529 486 687 554 arcuarias,
704 485 734 544 iu
751 483 859 563 quibus
875 486 1002 566 sagittae
1018 486 1215 548 missibilia

201 570 330 632 cassides
351 571 508 649 omniaque
531 587 682 630 armorum
703 586 813 647 genera
828 568 1046 630 formabantur.
1111 570 1215 633 Haec

201 657 280 716 enim
303 663 366 716 erat
382 673 451 714 cura
470 657 644 733 praecipua,
667 662 698 714 ut
713 653 853 733 quicquid
870 656 1015 714 exercitui
1031 671 1216 717 necessa·

174 741 277 801 trium
293 739 449 801 uidebatur
464 756 624 818 numquam
642 737 759 800 deesset
773 739 802 798 in
819 741 939 808 castris,
957 756 1055 816 usque
1079 757 1150 809 eo,
1174 750 1214 800 ut

201 825 287 885 etiam
314 821 511 884 cunicularios
541 822 700 892 baberent,
733 824 784 901 qui
809 822 844 882 ad
871 839 987 882 morem
1009 821 1211 885 Bessorum

201 907 289 970 ducto
306 907 360 969 sub
376 909 466 968 terris
483 906 619 969 cuniculo
635 909 787 987 murisque
802 909 880 968 iutra
897 907 1103 970 fundamenta
1120 927 1209 988 per·

200 992 287 1052 iussis
309 993 453 1070 inprouisi
473 999 662 1069 emergerent
684 992 719 1052 ad
743 993 833 1054 urbes
854 990 982 1051 hostium
1001 993 1205 1070 capiendas

199 1076 311 1138 Horum
324 1075 411 1137 iudex
423 1079 561 1156 proprius
574 1084 638 1136 erat
649 1077 816 1155 praefectus
829 1075 957 1136 labrum.
982 1074 1044 1136 Xli.
1062 1077 1202 1139 Decem

161 1179 186 1219 ιο
199 1160 338 1222 cohortes
359 1160 469 1222 habere
490 1162 618 1222 diximus
638 1160 793 1239 legionem.
840 1159 897 1221 Sed
921 1161 1016 1238 prima
1033 1170 1110 1222 erat
1132 1166 1203 1222 mi·

198 1244 291 1315 tiana,
309 1246 337 1306 iu
354 1263 409 1324 qua
426 1263 516 1307 ceusu
533 1263 644 1325 genere
658 1246 766 1307 litteris
782 1244 876 1304 iorma
893 1246 1005 1305 uirtute
1020 1244 1200 1323 pollentes

199 1329 307 1391 milites
333 1329 535 1393 mittebantur.
579 1331 654 1391 Huic
680 1327 819 1391 tribunus
849 1336 987 1408 praeerat
1012 1347 1192 1391 armorum

142 1444 146 1456 ·
198 1417 335 1485 scientia,
356 1416 466 1477 uirtute
487 1417 636 1494 corporis,
660 1432 775 1475 morum
796 1413 951 1475 honestate
973 1416 1188 1493 praecipuus.

101 1559 103 1564 .
198 1498 340 1576 Reliquae
360 1500 511 1568 cohortes,
538 1510 627 1579 prout
647 1499 776 1579 principi
799 1498 974 1577 placuisset,
1005 1517 1020 1558 a
1045 1499 1197 1560 tribunis

161 1609 185 1650 15
199 1581 247 1643 uel
269 1602 285 1644 a
306 1585 484 1662 praepositis
510 1584 702 1662 regebantur.
746 1583 840 1644 Tanta
867 1589 965 1644 autem
989 1583 1188 1645 seruabatur

199 1666 357 1727 exercendi
376 1667 482 1728 milites
500 1687 585 1738 cura,
612 1677 719 1730 utnon
735 1666 830 1729 solum
847 1665 958 1728 tribuni
974 1668 1022 1728 uel
1040 1687 1186 1748 praepo·

199 1753 247 1812 siti
273 1751 502 1815 contubernales
530 1753 587 1814 sibi
607 1753 736 1814 creditos
757 1751 811 1812 sub
832 1750 925 1812 oculis
946 1752 1006 1812 suis
1028 1752 1185 1814 iuberent

199 1836 307 1899 cotidie
334 1837 481 1908 meditari,
508 1838 561 1899 sed
588 1843 676 1900 etiam
699 1840 757 1918 ipsi
780 1853 930 1897 armorum
956 1843 1020 1896 arte
1041 1839 1185 1915 perlecti

200 1927 315 1982 ceteros
342 1922 377 1982 ad
398 1924 592 1984 imitationem
619 1924 741 2002 proprio
768 1920 996 1982 cohortarentur
1019 1922 1181 2002 exemplo.

162 2028 186 2066 ao
201 2004 324 2066 Tribuni
341 2012 437 2066 autem
454 2006 632 2078 sollicitudo,
650 2007 763 2068 tribuni
777 2005 912 2066 laudatur
928 2005 1084 2076 industria,
1100 2025 1182 2068 cum

200 2089 285 2151 miles
300 2099 384 2152 ueste
400 2091 520 2162 nitidus,
541 2095 632 2153 armis
649 2091 725 2153 bene
741 2093 873 2152 munitus
889 2109 923 2151 ac
938 2089 1064 2168 fulgens,
1082 2109 1182 2152 exer·

200 2177 261 2235 citii
277 2193 331 2235 usu
348 2184 377 2236 et
392 2176 547 2255 disciplina
564 2177 697 2240 eruditus
711 2177 833 2237 incedit.
1248 2247 1249 2252 η

284 2258 358 2322 ΧΙΙΙ.
383 2260 516 2323 Primum
532 2264 648 2342 siguum
661 2263 751 2324 totius
764 2260 887 2339 legionis
899 2267 941 2320 est
954 2258 1060 2338 aquila,
1074 2278 1171 2340 quam
1248 2259 1249 2290 ³

202 2397 404 2405 ——-.--—.-

215 2463 248 2512 V.
262 2463 294 2512 L.
348 2466 359 2512 1
380 2463 477 2528 quassa
490 2465 520 2516 H
581 2467 597 2514 4
615 2461 824 2525 necessarifiita,
838 2469 865 2512 ut
878 2459 906 2511 iu
919 2463 944 2511 in
956 2465 972 2514 l.
986 2478 1023 2514 er.
1037 2469 1176 2528 appareat

199 2529 234 2580 M
300 2532 421 2596 ilpraef.
441 2531 580 2582 fabrumu
612 2527 712 2597 [praef.
733 2525 897 2596 labrumlli
918 2530 1173 2594 westfalaorum
1247 2531 1248 2534 ’

200 2593 295 2660 0,th
350 2595 415 2646 Gar.
429 2597 491 2648 XII.
546 2597 1015 2661 10diximul'liaberelegionemH
1062 2599 1091 2646 11
1106 2598 1169 2662 pol·
1247 2605 1248 2640 l

198 2659 297 2728 lentes]
312 2662 478 2728 pollicentes
486 2681 506 2730 μ
560 2667 590 2714 12
604 2663 752 2733 armorum]
769 2669 933 2715 armatorum
947 2663 979 2714 A’
1031 2662 1171 2716 idierua-
1247 2649 1248 2692 l

198 2731 298 2780 bantur
310 2727 342 2779 A’
397 2733 428 2782 16
442 2733 588 2782 exercendi
601 2731 706 2782 milites
716 2749 739 2786 c.
750 2733 804 2784 Ali
816 2732 947 2784 ambitis
957 2749 979 2782 c.
990 2733 1026 2784 M
1036 2747 1169 2783 exercen-

198 2797 242 2848 dii
252 2797 387 2850 militibus
397 2814 420 2852 o.
434 2797 477 2850 dP
489 2799 584 2850 militis
594 2816 616 2850 c.
630 2801 813 2851 exercendiG
847 2799 992 2865 ppolitill
1027 2802 1058 2850 19
1071 2800 1166 2852 horta·

198 2871 293 2916 rentur
304 2882 326 2916 π
388 2869 421 2918 20
439 2867 542 2918 tribuni
556 2883 581 2918 a.
596 2865 651 2918 soll.
665 2869 769 2919 tribuni
782 2868 912 2918 laudatur
924 2867 1056 2918 industria
1069 2884 1087 2918 u
1101 2871 1135 2918 tr.
1150 2885 1167 2919 a

199 2932 257 2983 loll.
269 2934 373 2984 tribuni
387 2933 556 2986 laudabatur
568 2937 585 2985 i.
599 2933 617 2985 d
631 2943 663 2986 tr.
676 2952 698 2985 a.
711 2935 768 2986 loll.
781 2932 840 3004 [ta]
851 2935 983 2986 laudatur
994 2934 1127 2986 industria
1138 2935 1170 2987 Π
1246 2969 1247 2986 t

197 3007 232 3054 tr.
245 3015 270 3051 a.
284 3000 341 3052 loll.
356 3017 405 3065 par
422 3002 494 3053 hanc
513 3003 642 3054 laudatur
658 3003 789 3054 industrii
802 3005 843 3055 il'
854 3004 912 3068 (sed
922 3019 971 3068 per
983 3003 1055 3053 hauc
1068 3006 1084 3054 i.
1098 3019 1135 3055 er.
1149 3021 1165 3054 n
1246 2989 1247 3043 l

199 3065 243 3132 ἢ)
295 3070 327 3117 22
346 3068 441 3120 iulius
494 3071 607 3122 incedat
623 3072 648 3120 V
659 3071 793 3122 incedens
803 3073 826 3120 D

219 3169 391 3178 -a-———

214 3237 242 3288 S.
258 3237 290 3291 L.
355 3235 543 3307 iloricarial]
567 3239 691 3291 lucarias
708 3257 726 3290 α
806 3237 935 3308 iduato]
956 3241 1039 3292 ductu
1060 3241 1090 3293 11

196 3301 289 3373 muris]
309 3305 400 3358 muros
412 3304 444 3356 A‘
514 3305 691 3376 Sinprouili]
710 3309 820 3374 inprobi
839 3307 974 3375 (inprobis
989 3309 1020 3372 θ)
1037 3308 1059 3360 li
1077 3325 1096 3362 u
1113 3310 1161 3360 im·

196 3372 314 3438 prouti
384 3371 451 3425 (iar.
469 3375 533 3426 XII.
580 3379 612 3427 18
631 3376 744 3428 cottidie
757 3379 799 3444 Ap
863 3379 894 3428 19
913 3377 1118 3430 cohortarentur
1129 3380 1158 3444 A¹

264 3444 296 3492 22
314 3439 432 3510 incedit]
447 3443 607 3494 incaedua
621 3444 718 3495 incidit
730 3445 765 3498 M

263 3509 329 3559 (lar.
348 3509 426 3560 Xlll.
490 3513 523 3562 23
545 3512 662 3578 legionis
676 3509 728 3582 alt]
753 3513 922 3579 legionarem
939 3515 971 3577 Α,
1053 3512 1156 3580 aquila]
1244 3489 1245 3544 ἶ

196 3575 317 3640 aquilam
330 3575 359 3626 α’
