2500 4034
181 182 219 244 12
563 181 625 231 ara.
646 182 666 242 r,
686 183 709 233 a.
728 183 754 233 e.

264 333 391 412 Signatis
412 336 513 411 itaque
535 333 681 394 tironibus
702 352 757 413 per
778 333 925 396 cotidiana
944 333 1088 394 exercitia
1104 349 1190 393 ar-

180 437 296 478 morum
318 426 363 478 est
382 418 612 479 demonstranda
633 418 778 479 doctrina.
823 418 882 478 Sed
899 418 987 476 buius
1002 418 1047 476 rei
1065 433 1183 478 usum

180 501 371 564 dissimulatio
393 501 499 580 longae
520 503 688 564 securitatis
706 501 844 563 aboleuit.
890 501 983 572 Quem
999 503 1180 568 inuenies,

180 589 229 665 qui
246 588 354 648 docere
369 589 463 666 possit
477 586 555 666 quod
570 588 634 666 ipse
649 605 709 648 non
725 586 845 648 didicit?
869 587 909 646 lle
925 585 1061 646 historiis
1077 602 1182 662 ergo

154 672 228 736 suet
249 671 332 732 libris
352 670 438 732 nobis
459 673 578 749 antiqua
601 671 783 732 consuetudo
806 669 968 749 repetenda
989 676 1044 730 est.
1091 669 1177 730 Sed

180 755 222 816 illi
237 775 285 817 res
305 764 401 834 gestas
418 763 447 815 et
462 764 587 816 euentus
603 763 716 816 mutum
731 758 880 834 scripsere
897 753 1060 823 bellorum,
1083 755 1182 824 ista,

180 859 254 919 quae
274 858 355 900 nunc
371 841 556 916 quaerimus,
578 847 726 918 tamquam
743 848 813 900 nota
829 839 1006 915 linquentes.
1052 837 1167 898 Lace·

180 925 328 984 daemonii
354 924 471 1003 quidem
500 931 529 983 et
553 925 749 985 Athenienses
776 922 884 1003 aliique
907 923 1092 983 Graecorum
1122 925 1169 983 in

181 1008 273 1070 libros
294 1007 437 1068 rettulere
459 1006 616 1087 conplura:
639 1007 690 1068 sed
712 1026 767 1068 uos
789 1006 973 1086 disciplinam
990 1005 1170 1068 militarem

142 1115 167 1154 ro
181 1092 281 1171 populi
295 1093 420 1153 Romani
436 1091 577 1152 debemus
591 1094 753 1169 inquirere,
771 1094 822 1172 qui
834 1110 870 1152 ex
885 1092 1070 1171 paruissimis
1086 1092 1177 1151 lini-

182 1175 235 1237 bus
251 1178 409 1256 imperium
425 1195 511 1238 suum
525 1195 621 1256 paene
632 1176 703 1238 solis
715 1176 889 1254 regionibus
900 1183 930 1236 et
941 1175 1044 1236 mundi
1055 1176 1167 1255 ipsius

180 1261 238 1321 fine
260 1261 410 1322 distendit.
456 1261 535 1322 llaec
551 1262 712 1322 necessitas
728 1260 862 1338 conpulit
876 1259 1005 1321 euolutis
1020 1263 1167 1321 auctori·

181 1344 237 1406 bus
259 1365 292 1406 ea
315 1364 361 1406 me
380 1347 412 1405 in
431 1345 487 1405 boc
503 1345 645 1424 opusculo
661 1344 830 1406 fidelissime
846 1344 961 1413 dicere,
985 1361 1061 1421 quae
1078 1344 1168 1404 Cato

180 1428 230 1488 ille
247 1430 405 1491 Censorius
427 1429 464 1489 de
485 1428 640 1508 disciplina
655 1429 774 1490 militari
789 1430 922 1506 scripsit,
945 1445 1020 1507 quae
1036 1429 1164 1490 Corne·-

144 1525 167 1563 15
182 1511 238 1572 lius
253 1512 364 1582 Celsus
382 1531 457 1590 quae
473 1513 635 1573 Frontinus
650 1513 879 1593 perstringenda
894 1512 1053 1582 duxerunt,
1071 1529 1157 1590 quae

181 1597 325 1658 Paternus
346 1594 591 1674 diligentissimus
610 1600 685 1658 iuris
705 1598 841 1658 militaris
856 1598 993 1659 adsertor
1010 1599 1040 1657 in
1055 1595 1166 1660 libros

181 1681 310 1759 redegit,
332 1699 406 1760 quae
422 1683 545 1760 Augusti
567 1689 596 1742 et
610 1683 730 1742 Traiani
746 1682 946 1761 Hadrianique
965 1683 1158 1744 constitutio·

181 1764 267 1826 nibus
288 1773 372 1826 cauta
393 1775 470 1826 sunt.
516 1765 594 1828 Nihil
616 1769 694 1826 enim
722 1768 794 1826 mibi
816 1768 998 1827 auctoritatis
1025 1765 1164 1827 adsumo

180 1849 233 1910 sed
249 1849 369 1919 horum,
392 1869 467 1928 quos
482 1867 571 1930 supra
586 1849 703 1918 rettuli,
720 1868 796 1928 quae
811 1851 944 1929 dispersa
960 1859 1042 1920 suut,
1065 1851 1158 1929 qelut

142 1954 168 1993 ao
181 1936 211 1994 in
227 1933 363 1994 ordinem
380 1936 537 2011 epitomata
553 1933 718 1995 conscribo.

265 2017 314 2078 lX.
352 2018 459 2078 Primis
480 2035 551 2096 ergo
573 2019 796 2080 meditationum
812 2020 954 2097 auspiciis
971 2021 1081 2089 tirones
1099 2021 1160 2080 mi·

181 2102 296 2162 litarem
320 2102 463 2166 edocendi
484 2111 552 2164 sunt
573 2103 707 2181 gradum.
752 2102 829 2163 Nihil
849 2105 928 2164 enirn
945 2106 1039 2181 magis
1056 2106 1087 2164 in
1104 2106 1157 2164 iti-

181 2205 253 2246 nere
267 2188 316 2247 uel
331 2188 362 2245 iu
378 2189 440 2246 acie
456 2187 680 2248 custodiendum
696 2198 748 2252 est.
766 2203 854 2264 quam
871 2197 903 2248 ut
918 2206 1022 2249 omues
1038 2187 1159 2250 milites

180 2270 337 2331 incedendi
353 2271 487 2332 ordinem
505 2281 635 2333 seruent.
681 2269 766 2340 Quod
782 2271 866 2332 aliter
882 2290 942 2332 non
958 2279 1056 2351 potest
1071 2273 1158 2342 lieri,

191 2391 390 2398 -—-—-·-—-·--

199 2441 231 2490 V.
247 2441 278 2488 t..
332 2438 493 2503 dlongall
560 2439 730 2490 3inueniaes
739 2439 764 2487 P
806 2438 932 2490 inuenies
942 2438 960 2490 d
1040 2435 1155 2506 6[tan-

182 2503 250 2572 tum]
266 2506 293 2556 Π
362 2509 376 2556 7
396 2503 561 2570 linquentes]
578 2505 767 2570 relinquentes
776 2506 805 2557 Π
872 2509 888 2557 8
907 2509 936 2556 in
949 2506 1028 2557 libris
1037 2505 1102 2557 A'ri'

182 2571 348 2624 9rettulere
361 2573 397 2622 M
440 2572 616 2636 retulleredq
664 2573 784 2624 retulere
797 2573 899 2638 21,an
969 2574 1153 2640 decuplum]

183 2640 323 2705 complura
338 2653 407 2702 quae
425 2640 531 2688 taetica
543 2645 644 2690 nocant
656 2639 686 2690 π’
758 2644 790 2691 13
809 2639 862 2706 [de]
878 2641 975 2693 diseas
1048 2645 1078 2693 15
1097 2644 1155 2694 eel-

183 2707 226 2756 sus
237 2704 285 2772 [q]
300 2704 439 2756 frontinus
449 2705 469 2766 Q
506 2721 528 2756 c.
543 2723 569 2772 q.
581 2707 719 2758 frontinus
729 2723 799 2773 quae
811 2707 932 2773 hyginus
940 2712 1048 2760 coniecit
1061 2710 1156 2775 Lange

182 2775 291 2841 (Hypso.
310 2774 393 2827 Grom.
411 2774 452 2824 tid.
466 2775 498 2824 de
511 2791 574 2824 mun.
592 2792 616 2827 e.
633 2792 659 2840 p.
673 2776 727 2840 63).
806 2778 836 2826 ts
854 2777 1085 2843 praestringendas
1102 2777 1154 2828 αῖ)

252 2843 282 2892 te
300 2843 329 2891 in
342 2840 444 2893 librod
514 2844 545 2892 17
565 2842 708 2893 adrianiO
778 2845 809 2894 19
827 2843 909 2894 retuli
923 2843 990 2905 ade
1061 2845 1092 2896 19
1105 2860 1154 2896 ue·

182 2908 270 2960 lutid
339 2912 373 2959 20
391 2911 559 2974 epitomatae
578 2909 608 2960 Π

251 2975 317 3025 Car.
335 2975 383 3027 IX.
448 2979 480 3027 23
499 2979 527 3026 in
541 2975 614 3042 acie]
627 2979 655 3027 in
667 2977 717 3044 ede
732 2976 793 3042 (ede
807 2977 838 3042 Q)
855 2980 973 3046 efraym.
989 2979 1108 3034 Eiasied.

189 3079 388 3086 *ὴ-

200 3127 227 3180 S.
241 3129 272 3176 L.
339 3125 560 3192 lcottidianap
635 3127 792 3178 daboleuit
820 3129 946 3180 abolebit
963 3129 990 3179 Π
1064 3127 1153 3198 otili]

181 3195 273 3259 illedl
326 3193 599 3245 8athenihenseslll
649 3197 679 3244 ll
699 3210 786 3258 paene
815 3211 929 3260 poenes
989 3200 1019 3248 12
1040 3214 1151 3264 compu-

183 3265 217 3314 lit
235 3263 263 3314 li
359 3264 390 3312 13
409 3261 537 3326 opusculo
556 3265 587 3326 A.
675 3264 706 3312 lb
725 3261 906 3330 celsusquoe]
931 3265 1044 3330 celsosq.
1063 3267 1097 3318 M

186 3367 215 3416 17
233 3359 355 3429 redegit]
375 3363 477 3428 redigit
494 3361 525 3413 A'
603 3364 634 3413 18
652 3323 763 3414 adsumo
782 3365 802 3414 A
850 3363 953 3416 assumo
972 3364 1000 3414 Π

251 3430 317 3480 Cae.
332 3431 379 3481 IX.
432 3432 462 3480 21
483 3429 608 3496 auspitiis
617 3431 642 3480 Α
711 3433 741 3480 at
757 3431 904 3481 militarem
918 3430 1064 3499 edocendi]
1082 3435 1152 3484 mili·

182 3505 243 3548 tare
257 3514 298 3550 me
312 3497 427 3548 docendi
440 3499 469 3560 A,
