2550 4042
219 231 281 297 154
598 228 659 279 nn.
679 227 748 285 1111,
768 227 808 276 nr.

219 389 327 448 simum
351 386 475 445 serrum.
520 381 579 442 Per
593 381 646 440 has
661 381 691 439 in
706 378 804 439 medio
821 377 927 438 ardore
942 373 1121 456 pugnandi
1140 373 1231 452 peri·

218 473 327 532 tissimi
346 477 455 530 nautae
475 466 523 527 uel
547 465 656 526 milites
671 483 739 525 oum
756 463 924 523 minoribus
939 459 1075 522 sensulis
1095 466 1233 519 secreto

218 555 355 616 incidunt
375 555 476 623 lones,
500 550 609 628 quibus
630 548 868 610 aduersariorum
893 546 981 624 ligata
997 551 1087 607 sunt
1106 542 1234 622 guber·

219 640 336 702 nacula.
381 639 444 710 Quo
471 638 548 697 sacto
575 637 671 696 statim
700 635 815 712 capitur
841 639 993 708 tamquam
1016 631 1178 690 inermis
1204 635 1236 685 et

192 742 207 784 u
222 724 329 788 debilis
349 726 448 791 nauis:
477 721 547 798 quid
564 723 643 782 enirn
660 718 761 780 salutis
777 725 917 796 superest
933 718 969 786 ei,
988 717 1043 791 qui
1064 713 1229 774 amiserit

220 810 357 871 clauum?

305 894 347 954 lle
377 887 521 960 lusoriis(
547 908 621 966 quoe
652 891 681 949 in
712 887 847 950 Danubio
874 887 1005 964 agrarias
1036 882 1235 946 cotidianis

219 985 354 1039 tutantur
370 974 519 1045 excubiiS,
540 973 728 1034 reticendum
743 980 830 1051 puto,
849 973 916 1048 quia
933 973 1005 1031 artis
1022 969 1182 1048 amplius
1198 970 1231 1026 iu

219 1063 265 1122 his
287 1061 471 1138 frequentior
494 1078 565 1119 usus
585 1060 714 1126 inuenit,
739 1075 825 1134 quum
849 1064 934 1116 uetus
955 1056 1107 1116 doctrina
1128 1069 1227 1114 mon·

221 1155 375 1208 strauerat.

237 1316 270 1370 V.
284 1317 315 1365 L.
367 1317 504 1365 innuite
522 1312 568 1362 nel
589 1310 692 1362 milites
712 1309 862 1361 cotidianis
882 1307 988 1373 (cottid.
1007 1307 1062 1372 μθ)
1089 1311 1228 1356 utantur

221 1382 347 1448 (utuntur
365 1382 390 1446 l)
413 1382 570 1432 intermediis
591 1381 690 1430 omissio
708 1380 746 1436 eP
766 1382 880 1428 lacunam
900 1379 1015 1428 indicant
1027 1374 1072 1438 A’,
1103 1391 1175 1426 nam
1199 1375 1227 1422 in

221 1459 331 1517 utroque
348 1452 436 1500 codice
451 1456 512 1513 port
533 1448 639 1497 milites
651 1449 752 1512 reliquo
769 1449 837 1496 litteo
855 1453 893 1496 est
909 1462 1005 1501 uacua:
1029 1446 1093 1496 eod.
1113 1441 1227 1493 723οΑ

220 1536 285 1571 uoce
303 1517 407 1567 milites
419 1531 527 1581 prorsus
539 1517 641 1565 desinit.
712 1516 727 1562 2
748 1510 822 1579 [cum
835 1513 989 1562 minoribus
998 1507 1139 1578 scutulis]
1157 1510 1222 1560 Ste-

220 1587 330 1637 werltius
341 1587 421 1635 locum
433 1586 465 1634 de
477 1583 650 1633 miratoribus
662 1583 810 1646 intellepenr
875 1583 890 1633 5
910 1581 935 1630 ei
949 1576 1008 1647 qni]
1024 1581 1050 1629 ei
1064 1595 1133 1644 que
1150 1577 1187 1629 Π

223 1657 238 1704 7
257 1653 290 1703 de
307 1651 418 1702 lusoriis
428 1652 493 1702 Giee.
511 1653 575 1703 Por.
588 1652 655 1701 7232
672 1649 705 1699 de
723 1649 819 1699 rostris
828 1649 874 1700 Π·
935 1651 950 1698 7
970 1663 1041 1712 quoe
1062 1649 1142 1698 Gies.
1164 1658 1222 1708 qne

222 1722 366 1772 Paeneo-2
381 1718 448 1784 ques
456 1719 486 1770 Π
498 1717 578 1782 queis
587 1721 661 1782 uulpo
730 1720 745 1767 7
764 1715 923 1782 agrariesco
936 1719 1027 1766 lacuna
1038 1714 1063 1764 is
1074 1715 1113 1766 Π
1127 1729 1217 1779 egra-

222 1787 327 1838 rienses
340 1791 421 1839 lutere
439 1789 560 1852 opinatur
579 1785 774 1850 Oudendorpius
843 1786 859 1835 8
878 1787 1004 1835 tutantur
1016 1782 1045 1834 Π
1056 1786 1217 1833 utanture

225 1857 447 1907 &tentoriorum
466 1855 528 1903 Par.
548 1855 614 1903 7232
687 1852 853 1902 Sexcubies
867 1854 930 1902 Por.
948 1854 1014 1903 7232
1097 1853 1216 1915 7puto

223 1920 301 1987 quio]
320 1939 346 1987 p.
362 1922 395 1971 de
413 1920 529 1984 reliquis
545 1920 610 1984 quia
626 1921 641 1969 i
658 1935 684 1984 p.
704 1921 769 1984 quio
787 1921 821 1970 de
837 1919 954 1984 reliquis
963 1921 987 1972 P
1062 1920 1077 1967 7
1097 1921 1133 1968 in
1154 1911 1213 1980 his]

222 1990 304 2040 huius
313 1991 328 2041 λ
397 1991 414 2039 8
432 1988 627 2038 monstrarierit
639 1990 713 2053 uulpo

291 2124 335 2178 El.
348 2123 501 2189 Eutropius
512 2123 668 2173 Emendoui
682 2121 748 2172 Sine
761 2123 940 2187 Exemplario
955 2122 1207 2188 Constantinorpo·
1267 2105 1268 2170 l

222 2193 272 2244 lim
289 2192 394 2243 Consul·
405 2192 603 2244 Valentiniano
621 2190 691 2255 Aug.
705 2191 758 2241 VII
775 2192 812 2240 Et
823 2191 924 2241 Alieni
940 2193 944 2254 Ι
958 2193 1004 2254 fol.
1018 2191 1050 2241 53
1062 2206 1086 2243 r.
1105 2188 1209 2240 Flauii
1267 2175 1268 2226 l

229 2261 333 2326 Veguti
345 2261 447 2310 Renati
460 2260 519 2310 Viri
531 2258 659 2309 Inlustris
668 2258 753 2309 Liber
762 2258 819 2309 1111
832 2258 914 2324 exple
925 2259 1060 2309 Feliciter
1074 2255 1079 2322 Ι
1096 2259 1209 2308 Lector

223 2329 369 2379 Memento
384 2329 525 2394 Scriptore
539 2327 564 2377 Α
599 2326 673 2377 ELS.
684 2326 835 2392 Eutropius
849 2327 1003 2376 Emendaui
1021 2326 1085 2376 Sine
1101 2325 1206 2375 Exem-

226 2397 316 2462 plario
333 2393 617 2462 Constantinolpolim
636 2393 756 2446 ConsulS
768 2393 984 2460 Volentilnieno
1002 2391 1118 2458 August.
1137 2393 1203 2444 VIl.

223 2464 260 2514 Et
272 2465 374 2515 Abieni
389 2463 393 2529 Ι
409 2464 503 2514 Flauii
515 2465 618 2527 Vegati
636 2463 697 2527 (eti
710 2465 737 2524 2)
750 2463 851 2512 Reneti
863 2465 922 2513 Viri
937 2462 1045 2522 Inlustri
1055 2461 1120 2511 Lib.
1134 2462 1205 2514 IllI.
1267 2477 1268 2496 ¹

226 2532 350 2598 Explicit
362 2532 496 2582 Feliciter
508 2533 544 2582 M
559 2528 632 2590 FlL.
652 2530 794 2596 eutropius
807 2531 961 2582 Emenduui
976 2529 1040 2580 Sine
1055 2531 1200 2595 exemple—
1267 2511 1268 2600 i

224 2633 266 2680 rio
287 2630 291 2694 l
312 2630 579 2695 Constantinopolim
602 2630 750 2681 Consulatu
771 2631 956 2682 uolentinieni
973 2631 1089 2698 Augusti
1106 2605 1201 2684 6116
1267 2607 1268 2658 3

223 2700 347 2748 Frentro
364 2697 432 2748 Pius
442 2698 595 2748 Emendaui
608 2697 672 2747 Sine
685 2698 807 2764 explario
826 2698 1006 2750 Constantino
1019 2699 1110 2765 polico
1124 2703 1199 2753 Gon·
1267 2717 1268 2788 p

225 2799 285 2851 sulS
297 2799 495 2851 Valentiniano
513 2781 711 2865 Augs'Septet’
724 2799 831 2850 Abieno
850 2804 940 2851 lacuna
953 2804 1025 2852 uerius
1038 2804 1122 2852 lineae
1134 2803 1198 2853 Flu·

224 2869 265 2920 uii
276 2869 375 2934 Vegeti
387 2868 489 2964 Renefpi
496 2867 557 2918 Viri
569 2866 696 2917 Inlustris
708 2867 711 2931 Ι
727 2868 813 2918 Liber
822 2869 889 2920 1111.
906 2870 910 2931 Ι
926 2869 1050 2935 Explicit
1062 2869 1199 2921 Feliciter

225 2970 312 3020 Amen
331 2971 354 3020 L
369 2954 469 3034 Explic
477 2953 560 3019 Libri
573 2968 710 3030 Quattuor
722 2969 816 3020 Flauii
829 2971 930 3036 Vegeti
945 2971 1047 3021 Renati
1058 2972 1120 3021 Viri
1132 2971 1196 3022 Illu-

591 3033 645 3063 -1Ὶ.,
674 3035 728 3065 ..sl-

226 3070 289 3120 stris
299 3069 416 3120 Comitis
424 3070 466 3120 Ao
479 3071 633 3122 Theodosio
646 3071 736 3135 lmprie
750 3071 780 3122 Π
789 3071 884 3121 Flauii
896 3072 1009 3136 Vegetii
1021 3072 1121 3122 Rennti
1134 3074 1194 3126 Lib.

227 3138 351 3201 Quartus
359 3138 483 3203 Explicit
495 3141 520 3189 P
530 3137 586 3202 (ni
604 3141 727 3204 quaedam
742 3142 875 3205 adscripta
888 3147 962 3190 erunt
978 3142 1026 3190 sed
1036 3147 1129 3204 purten
1140 3147 1195 3192 suut
1267 3135 1268 3138 ’

227 3204 325 3269 eroon).
354 3206 388 3256 In
401 3205 421 3268 Q
432 3221 541 3270 prorsus
558 3210 626 3257 nullu
642 3208 795 3272 ruborriptio
813 3216 950 3273 comparet.
982 3209 1021 3260 De
1038 3210 1193 3260 ademirus

227 3275 374 3340 quibusdum
386 3277 412 3324 in
425 3276 480 3327 eod.
496 3274 525 3324 Π
536 3276 593 3325 uide
605 3277 800 3339 praefationem.

242 3427 271 3476 S.
285 3429 316 3478 L.
369 3431 384 3478 t
404 3425 500 3478 salutis
510 3425 578 3495 sup]
593 3428 676 3479 saluti
688 3427 744 3494 sup.
759 3427 788 3478 Π
