2520 4044
219 242 262 306 54
581 240 704 303 111111,
723 243 764 293 m.
782 241 822 290 22.

219 397 288 456 dum
306 395 475 473 quempiam
490 401 647 471 promotus
663 393 751 453 uadat
765 391 801 452 ad
817 392 963 454 decimam
975 393 1176 462 cohortem,
1201 403 1235 453 et

219 498 323 540 rursus
344 479 380 539 ab
402 497 436 539 ea
458 477 661 538 crescentibus
685 477 841 555 stipendiis
862 495 930 538 oum
956 479 1082 539 maiore
1110 478 1231 556 gradu

219 583 274 644 per
295 563 366 624 alies
386 564 516 624 recurrit
536 562 571 622 ad
594 564 730 641 primam.
775 561 846 622 ldeo
862 564 950 640 primi
973 562 1024 641 pili
1039 565 1231 631 centurio,

220 656 374 729 postquam
395 650 426 708 in
443 647 545 708 orbem
562 664 667 707 omnes
683 646 822 707 cobortes
837 664 890 725 per
906 647 1042 708 diuersas
1062 645 1231 708 admini-

193 735 362 795 sstrauerit
376 730 507 800 scholas,
530 733 560 790 in
578 733 672 808 prima
688 730 811 790 cohorte
827 730 862 790 ad
879 731 955 791 lianc
970 734 1134 810 peruenit
1155 732 1230 810 pal·

219 836 307 887 mam,
323 819 355 876 in
371 833 428 894 qun
444 835 480 874 ex
496 817 577 874 omni
594 815 711 892 legione
727 816 836 876 infinita
853 816 1008 876 commoda
1023 833 1228 894 consequo-

219 909 282 971 tur;
306 902 381 962 sicut
396 900 614 978 primiscrinius
628 901 659 959 in
676 899 773 959 cilicio
795 899 1011 977 praefectorum
1034 903 1226 979 praetorio

220 985 255 1046 ad
285 984 443 1044 honestum
475 991 746 1061 quaestuosumque
772 982 897 1044 militiae
923 987 1062 1063 peruenit
1094 987 1222 1046 sinent.

219 1070 262 1129 lta
276 1067 432 1146 legionarii
448 1070 561 1144 equites
576 1067 713 1128 cobortes
729 1086 796 1128 suas
811 1068 1000 1130 contubernii
1017 1069 1220 1130 adiectione

179 1171 206 1212 1o
218 1162 416 1223 uenerantur,
445 1170 513 1213 cum
535 1152 708 1213 naturaliter
730 1155 844 1228 equites
866 1172 882 1214 a
904 1152 1053 1231 peditibus
1075 1153 1222 1214 soleant

218 1237 397 1316 discrepare.
443 1238 500 1298 Per
515 1238 592 1298 banc
607 1255 678 1314 ergo
694 1239 912 1298 contextionem
927 1239 957 1298 in
974 1236 1164 1315 legionibus
1185 1247 1220 1296 et

219 1324 351 1384 omnium
378 1322 544 1384 cohortium
571 1330 600 1381 et
625 1322 755 1398 equitum
782 1321 975 1400 peditumque
1009 1323 1215 1384 seruabatur

219 1425 276 1468 una
294 1407 465 1468 concordie.

302 1490 391 1552 Xllll.
415 1490 512 1552 Habet
526 1498 681 1569 practerea
696 1489 772 1568 legio
788 1489 934 1550 tubicines
950 1493 1127 1552 cornicines
1147 1489 1214 1550 bu-

180 1577 374 1635 15cinatores.
421 1572 554 1635 Tubicen
581 1574 616 1633 ad
643 1573 754 1635 bellum
779 1580 867 1634 uocat
889 1576 996 1635 milites
1017 1583 1047 1635 et
1066 1593 1208 1636 rursum

217 1661 352 1736 receptui
376 1659 465 1718 canit.
512 1658 685 1719 Cornicines
706 1659 822 1736 quoties
843 1667 967 1728 canunt,
995 1677 1054 1719 non
1077 1660 1209 1720 milites
1255 1701 1256 1732 ;

218 1743 269 1803 sed
291 1743 373 1820 signa
394 1743 430 1804 ad
452 1759 555 1803 eorum
572 1742 780 1820 obtemperent
795 1751 909 1803 nutum.
956 1743 1033 1821 Ergo
1049 1747 1207 1824 quotiens
1255 1743 1256 1768 ¹

219 1828 253 1888 ad
271 1827 388 1907 aliquod
405 1845 477 1906 opus
494 1829 601 1886 exituri
617 1835 687 1887 sunt
702 1826 757 1886 soli
773 1826 887 1897 milites,
905 1828 1051 1889 tubicines
1063 1837 1201 1896 cauuut,

219 1914 354 1990 quotiens
371 1911 516 1971 mouenda
533 1921 602 1972 sunt
616 1913 708 1988 signa,
726 1913 893 1973 cornicines
909 1920 1033 1981 canunt;
1049 1915 1204 1992 quotiens
1255 1884 1256 1963 l

182 2003 317 2056 cosulem
335 2001 492 2073 pugnatur,
510 2002 539 2054 et
554 1995 701 2056 tubicines
717 2001 746 2056 et
762 1998 928 2057 cornicines
943 1998 1196 2075 pariterceuunt.

219 2080 378 2142 Classicum
407 2082 475 2141 item
503 2078 668 2159 appellatur
694 2079 774 2155 quod
801 2080 989 2142 bucinatores
1016 2099 1070 2160 per
1093 2099 1199 2142 cornu

219 2165 329 2226 dicunt.
374 2165 437 2224 Hoc
459 2166 576 2241 insigne
592 2164 709 2225 uidetur
725 2166 855 2243 imperii,
878 2167 947 2243 quia
963 2164 1123 2226 classicum
1141 2186 1195 2226 ca-

219 2251 301 2310 nitur
322 2250 502 2328 imperatore
518 2255 675 2328 praesente
690 2248 739 2310 uel
755 2267 820 2310 cum
837 2251 866 2309 in
883 2249 1005 2310 militem
1022 2249 1196 2328 capitaliter

218 2334 477 2404 animaduertitur,
502 2337 569 2412 quie
591 2333 648 2394 boc
664 2353 699 2395 er
715 2335 905 2412 imperatoris
919 2331 1034 2411 legibus
1049 2335 1114 2394 lieri
1133 2353 1193 2396 ne·

235 2485 267 2537 V.
280 2487 313 2534 L.
381 2489 392 2534 1
412 2483 488 2550 uad]
508 2491 539 2535 ut
556 2487 641 2535 uadat
657 2485 687 2535 Π
754 2488 770 2535 3
788 2485 905 2535 recurrit
922 2501 940 2534 α
959 2485 1080 2535 occurrit
1098 2483 1127 2535 Π
1146 2502 1193 2536 re-

219 2557 312 2601 currat
328 2553 394 2602 Vll>
404 2558 497 2602 curret
509 2554 533 2601 D
630 2555 646 2602 9
664 2548 716 2617 itu]
731 2552 797 2600 item
814 2553 840 2600 V
850 2549 907 2614 (red
919 2568 961 2602 em
974 2549 1023 2616 er.)
1036 2553 1111 2615 culpo

220 2620 251 2668 10
269 2619 476 2668 uenerabontur
489 2616 533 2668 tP
592 2618 1190 2672 11contextionemdeontexttoneileon-
1254 2669 1255 2674 ,

220 2684 395 2735 testationem
411 2686 450 2735 εΡ
1254 2695 1255 2752 l

287 2751 458 2802 cmxxn.
513 2754 545 2802 tt
563 2751 700 2802 tubicines
715 2748 869 2818 cumpo
889 2754 949 2804 Por.
968 2755 1034 2805 6503
1052 2755 1193 2806 tubicines

219 2825 248 2870 et
266 2820 367 2874 cornic.
385 2817 523 2882 (cornices
536 2819 571 2885 V)
589 2820 652 2869 buc.
667 2817 725 2882 (sed
740 2820 844 2870 illudet
860 2822 885 2870 in
900 2822 923 2870 A
940 2824 1074 2884 paullulum
1087 2837 1187 2873 erasum
1254 2863 1255 2888 p

218 2887 267 2951 est)
285 2886 352 2940 At?
368 2886 431 2939 Oud.
514 2889 545 2938 lb
563 2887 676 2937 tubicen
694 2884 739 2936 dP
755 2887 881 2937 tubicine
900 2905 912 2940 e
930 2889 1071 2939 tubicines
1085 2886 1115 2938 Π

217 2955 310 3006 rursus
319 2954 373 3005 ΠΡ
419 2955 450 3005 16
463 2953 571 3020 quoties
581 2956 605 3003 P
650 2955 681 3004 17
694 2953 773 3004 nutui
785 2951 843 3018 (sed
856 2957 865 3004 i
877 2957 902 3006 in
914 2957 949 3008 M
959 2972 1009 3006 non
1020 2959 1085 3006 sotis
1095 2960 1185 3021 penui-

218 3021 285 3085 num)
298 3023 356 3073 ML
404 3024 435 3073 18
454 3023 560 3086 aliquid
572 3021 601 3072 11
647 3023 678 3071 19
698 3015 839 3087 [quotiens
848 3038 919 3073 mon.
929 3051 962 3060 -
976 3024 1130 3076 cornicines
1139 3040 1185 3074 cu-

217 3086 296 3154 nunt]
312 3088 466 3140 Stewecblus
477 3089 644 3140 Schwebelius
733 3091 766 3139 20
784 3104 806 3140 c.
820 3089 969 3140 classicum.
998 3092 1070 3141 Item
1083 3093 1116 3140 A’

217 3156 249 3205 21
259 3152 448 3222 bucinatores]
459 3157 613 3207 cornicines
618 3159 708 3220 Lange
718 3154 790 3220 (lem.
798 3159 876 3222 p.b‘l;
887 3159 919 3208 H
932 3174 957 3222 p.
968 3173 994 3222 p.
1002 3157 1061 3220 tte)
1125 3173 1181 3210 cor·

218 3221 559 3288 nuncormiApcorndG
592 3226 625 3275 23
640 3221 818 3290 [imperatore
831 3176 975 3292 pressais
998 3226 1184 3300 ¹inmilitel'l

222 3319 308 3414 §.In
365 3357 685 3410 tumminiltraueritll
755 3357 909 3410 ercolano
977 3357 1167 3411 subtectione
1253 3405 1254 3420 ,

219 3425 621 3493 edueetionepuffecticneH
681 3427 713 3476 to
730 3421 858 3492 e]edM
917 3427 946 3476 11
968 3357 1180 3496 contextionem]
1253 3487 1254 3492 η

218 3497 395 3546 contextione
410 3491 439 3544 Π

288 3563 354 3612 Car.
372 3562 461 3613 XXII.
514 3563 546 3612 24
565 3556 806 3626 animaduertitur]
823 3559 916 3610 enimc
929 3559 1085 3612 adnectitur
1098 3563 1127 3627 A¹
