2500 4034
186 217 253 267 vill
592 204 746 258 Psactatio.

192 363 342 420 uindicari
363 375 450 434 posse
473 363 619 433 arbitror,
643 366 701 418 nisi
723 363 879 422 Theodosio
899 363 935 435 I,
962 367 1046 422 cuius
1068 381 1167 438 prae-

89 509 100 520 „
183 445 286 518 sectas
302 446 444 521 Cpnepius
464 444 632 507 ‘uniuersas
647 449 822 519 prouincias
843 449 922 521 lonpi
937 451 1073 520 temporis
1091 449 1168 506 labe

187 533 327 604 deceptas
343 534 383 588 ad
394 535 546 604 pristinum
563 537 669 590 statum
683 527 893 604 rentacauit’*).
921 534 987 602 Hoc
1003 548 1090 592 unum
1106 541 1166 606 est,

188 633 245 673 cur
270 629 325 674 nec
346 618 381 676 dc
409 616 523 690 infelici
545 619 605 674 illa
625 617 825 676 Valentiniano
840 617 893 685 11,
918 619 971 675 sul
993 634 1049 689 quo
1075 621 1168 692 scalpo

196 702 329 776 Vepetius.
347 704 459 759 uixisse
473 697 718 774 perhibetur**),
737 717 791 760 nec
811 703 848 760 dc
868 697 1072 774 Haaarlo***)
1094 718 1167 760 esse

187 789 376 860 copulandum
385 788 565 844 crediderim.

192 920 197 927 .
273 871 341 928 Cum
357 874 448 944 ipitur
470 873 530 928 dc
519 885 581 942 ipsa
595 873 787 942 imperatore,
810 873 860 930 cai
883 871 1014 946 Vepetius
1028 873 1163 930 libellum

186 967 269 1012 suum
289 959 485 1028 inscripserit
509 971 550 1013 ea
569 956 624 1014 lroc
646 959 721 1012 certi
734 957 806 1012 nitit
820 962 944 1020 constet.
971 957 1161 1016 Theodosium

187 1047 283 1098 reatem
296 1039 391 1112 fuisse
406 1042 561 1100 uerisimile
575 1041 677 1098 saltem
691 1045 736 1110 sit,
753 1047 854 1111 restat,
868 1048 899 1098 ut
913 1043 949 1098 de
963 1043 1077 1099 duabus
1091 1044 1164 1099 aliis

186 1127 266 1181 ansis
281 1127 467 1195 disseramus,
484 1142 560 1198 quas
573 1127 655 1182 nobis
675 1125 806 1199 Vepetias
822 1127 861 1184 ad
874 1127 1065 1198 definiendam
1080 1127 1161 1182 dedit

169 1215 330 1270 aetatem«
357 1211 418 1267 Idi.
434 1210 460 1267 1.
476 1227 504 1267 c.
522 1207 569 1268 20.
579 1210 734 1268 Galliarum
749 1214 917 1270 mentionem
929 1211 1015 1284 facit.
1046 1210 1080 1268 Si
1090 1219 1161 1282 post

186 1315 214 1351 a.
238 1293 301 1352 410
331 1295 464 1370 Vepetius
483 1297 660 1367 scripsisset,
688 1297 1006 1369 commonitionum
1026 1301 1161 1354 nastrum

180 1382 356 1454 perlepcrit,
378 1379 498 1438 Romam
516 1391 573 1452 per
585 1380 701 1440 ,Gallias
721 1381 843 1438 deleta'm
864 1396 928 1437 eum
949 1383 998 1438 illo
1018 1383 1081 1438 loco
1097 1397 1158 1438 non

137 1515 139 1522 ,
186 1466 464 1539 omissurnmsuisse
480 1467 633 1536 infitietur3
653 1461 779 1522 '‘tautac’
795 1471 891 1522 autem
907 1462 1016 1521 ‘urbes’
1033 1467 1104 1538 quin
1119 1465 1162 1520 ad

186 1551 342 1618 Thraciam
356 1551 538 1606 deuastatam
552 1551 734 1619 pertineant,
750 1550 866 1619 dulium
883 1557 1017 1620 nonest,
1033 1550 1158 1606 simodo

186 1633 307 1706 confers
323 1650 373 1704 ea,
391 1648 467 1708 quae
481 1635 517 1690 de
533 1633 672 1689 Gratiano
687 1636 804 1690 militiae
827 1636 988 1707 neplepenti
1008 1641 1036 1690 et
1051 1633 1158 1692 caina·

186 1737 252 1776 rum
272 1722 451 1776 uictoriis'a.
469 1717 530 1776 378
550 1718 585 1773 Ρ.
605 1718 758 1776 Diaconos
778 1723 804 1774 et
824 1720 991 1775 Ammianus
1005 1719 1157 1776 Marcelli-

184 1819 241 1861 nus
255 1811 391 1863 narrant.
422 1803 551 1860 Alterum
566 1803 722 1860 subsidium
737 1819 777 1860 ea
791 1801 1057 1874 uerbis=p,149,.l
1072 1799 1156 1876 ‘qma

184 1892 242 1944 iam
267 1889 373 1945 dudum
396 1895 505 1960 pacata
526 1891 602 1943 mari
627 1903 691 1944 cum
714 1887 857 1944 barbaris
871 1889 1036 1944 natiamlius
1057 1891 1158 1961 apitar

186 1979 328 2030 terrestre
349 1970 509 2030 certamen'
532 1975 650 2043 captari
667 1985 761 2044 passe,
774 1975 838 2045 quis
858 1973 974 2042 credat,
997 1979 1095 2044 utpote
1116 1987 1157 2030 ecc

184 2075 241 2131 qua
266 2059 330 2130 iaco
351 2067 432 2114 cam.
448 2057 617 2114 Marcellini
629 2057 779 2114 ,chronica
803 2058 860 2114 'sub
881 2075 965 2114 ⁴arum
992 2055 1068 2126 400,
1097 2073 1156 2129 qao

180 2157 294 2216 pupna‘
305 2145 424 2215 naualis
445 2141 531 2213 facta
547 2147 743 2204 memoratur,
764 2147 940 2213 comparata
958 2148 1026 2198 ante
1047 2159 1074 2198 a.
1092 2139 1157 2212 400

192 2227 513 2302 Vepetiumscripsisse
533 2226 702 2299 efficiatum·
722 2227 775 2284 sed
793 2235 857 2282 cum
872 2226 1042 2283 Marcellini
1055 2233 1155 2284 aucto-

182 2315 259 2368 ritas
284 2314 398 2368 minima
419 2315 471 2382 sit,
497 2311 565 2368 dinc
590 2312 800 2370 nihilomnino
827 2311 1014 2385 callipendum
1040 2325 1155 2368 censeo.»

184 2396 279 2469 lpitur
299 2399 450 2467 artissimi,
473 2415 546 2470 qua.
562 2396 667 2470 Vepetii
686 2397 836 2467 epitomum
857 2399 1052 2466 conscriptam
1070 2401 1169 2468 pute·

184 2497 260 2550 miss,
278 2485 384 2538 aetatis
397 2484 485 2552 fines,
505 2483 531 2537 si
544 2482 579 2554 de
594 2484 769 2552 inperatore
783 2483 844 2536 r'em
859 2484 1001 2553 intepram
1016 2483 1155 2552 relinqui-

251 2695 275 2761 )
295 2696 328 2756 cs.
344 2695 547 2758 descriptionem
559 2699 685 2746 consutam
696 2693 741 2744 snb
754 2711 820 2747 arina
830 2695 887 2747 388.
915 2692 982 2746 Vide
995 2697 1069 2746 etiam
1079 2693 1152 2746 ilici·

183 2765 263 2814 teril.
276 2765 295 2813 l.
307 2779 335 2828 p.
348 2763 413 2814 609.·
434 2761 605 2814 ‘Tlteodasias
621 2763 677 2813 tlat
691 2765 842 2828 wenipstens
858 2766 907 2814 das
919 2763 1154 2827 Mdpliclreamdie

183 2829 277 2882 Stcidte
295 2831 359 2882 nocie
375 2831 475 2882 siclorer
491 2846 522 2880 zu
539 2829 703 2896 bescstipen’,
723 2839 748 2881 et
760 2831 863 2884 Hacnel
880 2847 953 2896 carp.
971 2836 1018 2896 lep.
1034 2832 1152 2923 antelmi

181 2915 210 2964 ρ
204 2900 274 3028 233
286 2901 400 3017 ‘siggim
416 2980 497 3048 usque
511 2971 609 3031 tempus
625 2965 800 3017 Valentiniani
816 2981 903 3017 nomen
920 2967 972 3015 ln'
962 2968 1027 3030 ipsis
1042 2967 1153 3032 antiquis

184 3033 314 3086 radicibus
333 3035 497 3098 inscriptioni
515 3035 641 3084 adiectum
661 3040 755 3084 entare
771 3036 858 3098 opinio
873 3034 933 3093 suit.
970 3035 1007 3083 At
1025 3042 1084 3084 riute
1101 3042 1152 3084 ter·

182 3104 241 3152 tium
257 3103 377 3152 mmm
397 3103 524 3152 saeculam
546 3100 591 3164 (cs.
608 3101 720 3152 Boudia.
734 3101 781 3150 IV
797 3102 856 3163 176)
874 3102 937 3152 illud
956 3103 1152 3152 additamentam

182 3172 208 3219 in
225 3169 355 3222 codicibus
374 3174 483 3233 repperi
501 3170 600 3220 nullum.
637 3169 735 3220 Mirum
752 3176 791 3219 cst
807 3171 902 3235 quod
892 3185 918 3219 sn
934 3171 1052 3234 ratatcpo
1068 3185 1151 3218 manu-

182 3239 335 3302 scriptorum
348 3253 364 3288 a
376 3235 466 3288 Llirio
477 3245 654 3300 surreptorum
665 3239 758 3304 lepstur
769 3252 796 3301 p
804 3238 868 3288 230:
888 3237 1019 3302 ‘Perhaps
1029 3235 1070 3286 tle
1082 3235 1152 3286 mark

182 3321 236 3356 was
254 3307 421 3426 succeslsiaelp
424 3305 576 3437 (ᾰῖἀίοαιεά
587 3312 613 3356 ta
625 3305 684 3355 bati
696 3305 767 3356 tlase
779 3319 911 3370 emperors
924 3304 1060 3368 (Tlecdas.
1073 3301 1090 3353 l
1101 3303 1153 3354 and

187 3373 318 3424 Valentia
350 3374 367 3423 Ι
439 3374 446 3404 ’

209 3442 263 3503 m)
282 3440 362 3492 limiti·
355 3373 444 3504 incia
456 3442 525 3506 quad
541 3440 771 3505 ‘polpptpcllarum’
783 3456 837 3491 aaa
849 3439 858 3501 (
862 3457 889 3505 p
902 3443 948 3500 61,
963 3440 1032 3502 17)
1023 3455 1049 3490 m
1065 3439 1151 3490 codice

185 3507 362 3561 Theodosiana
376 3524 425 3560 non
438 3509 486 3559 nisa
481 3509 543 3558 snb
555 3509 630 3558 annis
642 3506 693 3558 4'00
705 3515 731 3558 et
741 3509 791 3558 401
804 3509 924 3560 occurrit.
