2500 4034
209 253 379 305 .xxxv111,
484 238 635 294 Praefatio.
672 212 955 309 (lodicumrscensus.

235 397 318 470 ens).
340 396 430 457 1926.
448 395 540 456 2166.
554 394 646 454 2579.
658 393 760 468 4059.)
776 391 909 474 [cfiquos
926 415 979 456 nos
990 415 1029 456 ea
1040 400 1115 475 lcgzc
1129 402 1235 466 bibliot

236 487 321 542 tbcca
329 499 420 554 supro
429 484 592 550 attulimus:
605 481 693 552 nus,
701 498 783 555 quem
791 486 1016 556 antiquissimum
1023 484 1235 556 Bodleianat

236 567 407 630 testaturM.
415 566 533 638 Mulier,
544 565 717 640 168687),
733 568 990 642 leucollcollepii
999 569 1116 626 baliol.
1127 568 1235 644 (418)

237 657 253 712 1
268 670 306 712 eac
327 656 391 710 coll.
406 653 519 725 collepii
530 652 661 709 Liucoln.
672 650 783 726 (1219),
798 652 816 710 2
834 652 1095 728 Cantabripienses
1115 649 1235 728 (1686(

237 735 350 814 1886),
366 742 395 794 in
407 744 480 794 tomo
495 739 629 806 secundo,
643 741 727 796 cuias
735 753 810 810 pars
823 741 908 810 prior
929 737 1030 806 ‘libros
1040 744 1235 804 manuscrit

230 833 299 898 ptos
315 821 506 880 ecclesiaram
522 823 732 893 cathedralium
747 829 774 879 et
786 825 825 892 al.
841 823 948 880 celebr.
962 823 1027 881 bibl.
1041 827 1074 880 in
1095 823 1235 898 Ampliat

234 911 449 982 complectitur,
471 908 658 966 diuersorum
673 907 945 966 bibliothecarius.
968 908 1078 981 Vepclii
1098 901 1235 972 coelicet

235 991 386 1066 referant:
402 1007 417 1048 e
433 991 498 1049 bibl.
514 993 626 1065 collepii
640 993 738 1052 Etonii
751 993 804 1050 sub
820 1009 892 1049 arce
914 993 1102 1052 Windesoria
1127 993 1235 1068 1834(

235 1076 318 1136 2348
327 1093 391 1134 cam
402 1079 496 1133 uariis
506 1077 676 1133 lectionibus
687 1081 715 1132 in
727 1081 857 1150 maraine
865 1101 874 1141 ,·
887 1092 926 1134 ecc
936 1078 1038 1134 Isaaci
1053 1079 1165 1136 Vossii
1177 1089 1235 1144 cot

234 1165 332 1221 nanici
347 1161 587 1218 Winrlesoriensis
602 1162 771 1219 bibliotheca
786 1161 868 1218 2475
883 1160 1019 1232 eutoso:
1036 1161 1235 1237 Tbeperir'n

235 1251 371 1307 comitata
388 1246 597 1302 Glocestricnsi
617 1245 716 1310 6620;
736 1261 775 1306 eoo
791 1248 855 1305 bibl.
872 1248 1174 1322 Henricilanplepi
1197 1251 1235 1302 in

235 1336 371 1392 comitutu
400 1330 566 1402 salopiensi
596 1330 696 1394 loon
725 1347 765 1388 erc
789 1332 855 1390 bibl.
886 1331 1020 1388 Eduardi
1051 1332 1235 1388 Bernardi

235 1417 331 1480 7437,·
352 1415 523 1474 in'aedibus
542 1415 699 1486 lacobaeis
720 1415 803 1488 8545
826 1423 853 1474 et
874 1410 1027 1490 8546(αιὶ
1045 1417 1104 1476 bos
1130 1413 1223 1474 8629

234 1501 347 1574 referri
367 1496 503 1572 uidetur).
547 1501 694 1560 Secuntur
719 1505 913 1573 manuscripti
937 1505 965 1557 ei
989 1497 1069 1570 libri,
1106 1501 1235 1575 quibus

234 1587 412 1652 Stemecbins
433 1593 460 1642 et
476 1585 643 1648 Scriaerius
663 1589 788 1644 editores
809 1590 855 1644 asi
869 1594 945 1644 sant.
980 1581 1038 1644 Ille
1053 1586 1113 1645 bos
1130 1586 1235 1656 acilii}

233 1674 308 1729 buit:
326 1667 352 1743 1)
367 1665 516 1744 H(ittarp.)
533 1666 618 1727 ‘liber
632 1675 849 1744 manuscriptas
864 1686 947 1744 quern
963 1689 980 1726 a
993 1671 1028 1728 D.
1041 1670 1221 1740 Melcbiore
1234 1669 1235 1710 3

233 1758 381 1827 Hittorpia
403 1763 457 1812 etc.
474 1753 604 1826 accepi'‚·
624 1760 751 1828 pertinet
767 1758 806 1812 ad
820 1755 837 1812 l
851 1758 1035 1814 deterrimam
1047 1755 1216 1828 familiam.
1234 1785 1235 1834 3

236 1871 271 1882 -
286 1837 315 1914 2)
328 1834 556 1914 N(omurcensis)
574 1839 779 1914 ‘frequentant
795 1844 1023 1912 manuscriptum
1035 1843 1064 1910 in
1077 1857 1140 1914 quo
1154 1839 1215 1895 cluo
1234 1867 1235 1894 t

232 1928 301 1983 libri
308 1927 428 1996 priores
444 1925 551 1998 Vepetii
564 1932 591 1981 et
606 1943 711 2000 mopere
722 1943 799 2000 pars
815 1929 900 1994 tertii,
914 1927 1019 1983 donam
1034 1926 1214 1996 adolescere·

233 2015 269 2068 tis
288 2016 317 2065 et
336 2011 433 2080 optimi
453 2009 585 2066 Gulielmi
608 2009 736 2085 Masnuy
759 2009 990 2073 Namnrccasis’,·
1016 2010 1212 2082 quantumuis
1234 2031 1235 2054 i

233 2101 376 2169 conpruat
395 2110 461 2151 cum
483 2093 520 2164 G,
544 2097 573 2152 in
595 2097 790 2168 compluribus
810 2104 906 2153 tamen
925 2097 998 2152 locis
1014 2089 1058 2152 bP
1067 2095 1213 2166 familiae

230 2183 369 2237 lectiones
395 2186 462 2236 sunt
489 2181 631 2236 intrusae:
653 2209 694 2224 *-
715 2175 808 2252 3-6)
826 2179 959 2239 ‘Susiani
978 2187 1119 2252 quattuor
1140 2176 1211 2234 libri
1234 2173 1235 2230 i

231 2266 434 2334 manuscripti,
457 2266 508 2336 qui
526 2267 607 2336 apud
627 2266 881 2322 nobilissimum-ac
896 2266 1088 2321 doctissimum
1106 2267 1207 2321 uirum
1234 2261 1235 2276 ¹

231 2349 370 2407 Iacobum
397 2345 551 2412 Susium's
566 2351 674 2410 nullius
697 2350 765 2422 fere
786 2351 891 2420 pretii‚·
919 2358 979 2408 tres
1005 2363 1104 2408 eorum
1128 2359 1206 2404 ext
1234 2345 1235 2416 (

229 2437 354 2507 fluxisse
370 2435 513 2490 uidentur.
529 2464 570 2476 -
589 2435 616 2511 7)
633 2433 674 2490 ‘B
685 2436 758 2494 tiber
773 2436 949 2494 Bonnensis'
967 2431 1058 2508 (bodie
1072 2435 1114 2491 ibi
1127 2433 1205 2488 elesi-
1234 2437 1235 2512 ζ

231 2521 332 2580 clerani
353 2520 484 2582 uidetum
507 2497 548 2590 as.
563 2519 666 2577 chttii
685 2523 810 2594 cotalop.
835 2519 944 2593 (prmu.
965 2514 1055 2592 unia.)
1079 2511 1203 2622 (1859)(
1234 2527 1235 2604 t

232 2604 469 2676 manuscriptus,
482 2619 565 2660 carus
575 2606 714 2662 lectiones
722 2610 811 2690 petite
825 2621 865 2664 ex
873 2603 1071 2667 Notisllranc.
1084 2597 1202 2660 Modiii
1213 2635 1235 2682 (

230 2689 356 2760 pertinet
367 2688 407 2743 aa
418 2680 469 2744 bP.
491 2687 660 2746 Scriucrias
672 2697 735 2748 octo
746 2692 992 2762 manuscriptisse
1004 2703 1086 2752 nsum
1095 2700 1161 2743 esse
1172 2687 1202 2739 ia
1234 2715 1235 2768 3

229 2770 418 2844 praefatione
430 2773 473 2830 ed
485 2788 599 2830 saaca.
612 2773 693 2834 1632
704 2778 877 2848 promotum·
891 2779 968 2832 mter
979 2789 1052 2846 quos
1063 2779 1201 2845 quattuor
1234 2811 1235 2820 η

231 2855 381 2922 Palatinos
397 2851 460 2928 (nos
475 2865 535 2916 tres
550 2865 661 2918 tantam
678 2853 753 2933 (Pol.
770 2859 843 2920 909.
859 2857 931 2916 945.
946 2858 1141 2924 lauresham.
1158 2849 1199 2923 cs·
1234 2881 1235 2898 ¹

228 2958 260 3013 p.
274 2939 427 3017 XXXIII)
448 2939 641 3020 copnouimas)
661 2945 775 3018 refert,-
801 2951 914 3004 celeras
933 2933 1088 3001 Leideascs
1104 2943 1198 3014 [uisse
1234 2967 1235 2988 i

228 3025 379 3098 probabile
400 3036 453 3084 cst.
498 3029 671 3098 Ballionem,
693 3048 780 3102 quom
804 3029 942 3087 Valartas
963 3030 1080 3096 curauit
1100 3024 1194 3082 Paris.
1234 3029 1235 3066 1

230 3127 257 3170 o.
277 3109 367 3181 1762,
386 3108 436 3168 Ὗ.
451 3116 646 3172 institutorum
662 3119 707 3170 rei
726 3117 860 3174 militaris
876 3116 897 3170 l.
913 3111 1004 3182 IIII',
1025 3116 1076 3186 qui
1096 3124 1196 3168 sceno·
1234 3099 1235 3170 ἶ

229 3197 296 3254 dam
316 3193 356 3252 25
379 3198 493 3253 caelicas
516 3204 626 3256 tentum
654 3193 762 3272 Vepetii
786 3215 817 3256 se
837 3201 1020 3256 recensuisse
1045 3199 1192 3271 ploriotar,
1234 3217 1235 3226 ¹

229 3282 306 3353 quod
314 3283 395 3338 nullo
404 3287 495 3354 pacto
506 3286 679 3356 inspiciendi
688 3285 757 3342 mibi
765 3285 834 3341 dcta
843 3289 886 3344 cst
898 3287 991 3356 copia,
1002 3285 1194 3352 maximopere
1234 3309 1235 3332 ;

230 3364 319 3424 doleo.
363 3366 429 3424 Duo
451 3369 565 3428 codices
581 3371 638 3428 iam
654 3375 780 3439 restant,
802 3385 875 3443 quos
886 3369 969 3441 foma
986 3373 1095 3426 tontum
1115 3362 1191 3422 noni:

230 3451 435 3509 Peirescianus
455 3459 482 3509 et
499 3451 680 3523 Oboricrius,
702 3471 774 3526 quos
795 3455 914 3510 Fabric.
935 3456 964 3510 in
980 3453 1046 3509 bibl.
1066 3454 1116 3514 lat.
1133 3445 1191 3524 (sub
1234 3491 1235 3502 t

242 3529 362 3610 Vepetio)
381 3545 590 3595 commemorat.
1234 3551 1235 3560 ¹
