2520 4044
226 207 288 274 100
556 209 618 258 nau.
637 209 691 272 111,
713 210 812 263 15.16.
833 211 872 259 ιι.

224 364 284 424 cito
306 362 344 423 ab
366 360 545 424 aduersariis
566 362 640 423 sacta
656 362 845 440 inpressione
863 362 1066 441 perrumpitur
1082 369 1122 421 et
1142 363 1226 424 nul-

225 448 286 509 lum
311 455 412 525 postea
429 454 526 527 potest
542 465 607 508 esse
622 446 799 507 remedium.
845 443 901 514 Qui
917 455 1015 508 autem
1032 450 1172 507 numeri
1190 450 1227 508 iu

226 532 331 593 dextro
347 551 457 602 cornu,
479 535 575 611 quiin
592 533 729 600 sinistre,
747 531 843 608 quiin
859 531 958 591 medio
973 530 1105 592 debeant
1126 532 1227 592 ordi·

226 619 305 687 nari,
329 617 377 678 uel
397 620 478 679 iuxta
501 617 660 696 dignitates
687 635 791 677 eurum
813 622 949 677 seruatur
971 635 1007 676 ex
1028 633 1139 686 mere,
1170 616 1228 678 uel

201 710 310 768 auerte
325 720 380 781 pro
397 701 537 778 qualitate
553 701 681 762 hostium
698 708 907 762 commutatur.

311 784 385 847 XVl.
410 787 585 847 Construcla
610 789 673 846 acie
700 784 833 866 peditum
860 787 975 864 equites
996 793 1167 864 ponuntur
1195 789 1227 846 in

227 869 382 938 cornibus,
403 872 443 931 ita
460 878 494 931 ut
508 871 625 931 luricati
641 889 746 931 omues
762 878 793 932 et
807 872 917 930 cantati
931 871 1025 930 iuneti
1041 872 1104 930 sint
1123 871 1227 950 pedi·

228 954 320 1025 tibus,
350 956 494 1032 sagittarii
515 964 614 1016 autem
642 954 691 1015 uel
712 956 762 1032 qui
787 954 895 1017 loricas
922 973 982 1015 nen
1004 954 1121 1016 hahent
1148 955 1227 1016 lou-

226 1041 292 1117 gius
308 1046 482 1117 euagentur.
528 1041 552 1102 Α
567 1039 742 1101 fortioribus
759 1058 886 1119 namque
903 1039 1051 1119 equitibus
1066 1040 1225 1118 peditum

188 1152 213 1190 ιο
227 1124 410 1203 protegenda
433 1131 504 1186 sunt
524 1125 618 1186 latera
645 1133 674 1186 et
689 1143 706 1185 a
722 1122 926 1186 ueloeieribus
947 1131 1035 1201 atque
1058 1126 1227 1204 expeditis

227 1211 357 1270 lrestium
387 1228 499 1271 cernua
529 1207 769 1289 superfundenda
800 1217 889 1289 atque
915 1208 1073 1270 turbanda.
1123 1211 1226 1271 Scire

226 1295 287 1356 dux
302 1293 406 1365 debet,
423 1302 526 1356 centra
544 1312 619 1373 quos
634 1295 784 1372 drungos,
807 1293 865 1354 hec
881 1301 926 1354 est
940 1292 1045 1370 globus
1061 1293 1223 1362 hostium,

228 1397 302 1457 quos
333 1382 448 1459 equites
476 1386 612 1459 oporteat
638 1381 719 1458 peni.
765 1379 839 1440 Nam
866 1381 967 1440 nescio
995 1395 1053 1455 qua
1085 1379 1222 1442 occulta

227 1467 358 1533 ratione,
385 1467 476 1525 immo
502 1483 597 1544 paene
619 1464 734 1534 diuina,
764 1463 814 1524 alii
838 1472 942 1525 centra
964 1462 1038 1524 alios
1060 1463 1225 1527 dimicant

190 1571 214 1610 15
229 1548 344 1618 melius,
358 1551 450 1627 etqui
465 1549 605 1609 lentiores
620 1551 757 1610 uicerant
772 1548 808 1609 ab
824 1548 1017 1609 inferioribus
1032 1567 1127 1628 saepe
1144 1552 1221 1610 uin-

228 1640 345 1694 cuntur.
391 1632 475 1703 Quod
493 1636 517 1693 si
533 1635 647 1713 equites
667 1635 789 1712 inpares
811 1633 939 1704 suerint,
963 1651 1047 1694 more
1064 1641 1219 1696 ueterum

228 1718 412 1779 uelocissimi
434 1736 501 1778 cum
523 1721 614 1780 scutis
634 1718 749 1779 leuibus
771 1717 888 1798 pedites
909 1718 945 1779 ad
965 1717 1023 1779 hec
1036 1720 1143 1797 ipsum
1162 1739 1221 1782 ex-

229 1804 344 1863 ereilati
366 1803 461 1862 isdem
483 1803 628 1863 miscendi
654 1812 739 1874 sunt,
769 1821 843 1881 quos
864 1801 969 1863 uelites
998 1804 1216 1868 nominabant.

228 1884 293 1956 Quo
314 1887 392 1947 sacto
414 1889 550 1965 quamuis
571 1887 725 1948 fortissimi
747 1889 862 1964 equites
883 1887 1013 1949 hostium
1031 1893 1215 1956 euenerint‚

190 1992 216 2032 eo
229 1978 328 2030 tamen
351 1969 509 2031 aduersum
532 1972 657 2031 mixtum
682 1989 787 2050 agmen
803 1991 892 2051 pares
908 1991 1048 2033 essenon
1064 1984 1214 2052 possunt.
1240 1993 1241 2043 l

228 2055 326 2116 Unum
354 2055 411 2115 huc
437 2055 603 2117 remedium
631 2074 735 2116 omnes
760 2057 851 2117 duces
871 2066 990 2118 ueteres
1010 2059 1215 2126 inuenerunt,

227 2147 260 2200 ut
275 2139 502 2201 adsuefacerent
517 2143 644 2202 iuuenes
663 2150 820 2202 currentes
837 2145 957 2220 egregie
974 2148 1003 2202 et
1017 2144 1099 2203 inter
1114 2143 1213 2206 binos
1240 2157 1241 2194 l

229 2227 345 2303 equites
366 2224 499 2302 singulos
519 2245 555 2285 er
578 2225 624 2286 his
644 2226 761 2306 pedites
783 2225 976 2287 conlucerent
997 2245 1065 2288 eum
1082 2227 1213 2290 leuiori·
1240 2215 1241 2302 l

228 2309 283 2372 bus
304 2312 396 2373 scutis
417 2310 524 2390 gladiis
545 2319 635 2389 atque
656 2310 859 2373 missibilibus.
904 2311 991 2373 XVll.
1015 2312 1074 2374 Sed
1092 2316 1212 2393 optima
1240 2311 1241 2388 l

247 2497 280 2546 V.
294 2497 326 2546 L,
381 2496 491 2546 lsacle
520 2498 611 2546 actas
684 2497 845 2562 rumpiturt
915 2489 1241 2564 apoten]p0tentnl

297 2561 456 2612 sseruatur
510 2561 654 2612 seruentur
668 2562 727 2614 aa?
794 2567 1029 2616 dcemmutenlur
1044 2563 1129 2616 alan
1240 2597 1241 2624 ;

298 2628 366 2679 Cae.
379 2629 454 2679 XVI.
519 2631 552 2679 10
570 2634 654 2694 atque
672 2629 821 2699 expeditis]
841 2647 930 2698 aeque
948 2632 1123 2698 peditibusd
1240 2667 1241 2676 ι

230 2701 261 2749 11
280 2695 499 2748 turbandaruna
525 2695 629 2748 Scires
684 2700 714 2750 13
733 2699 802 2763 quos
812 2697 928 2767 equites]
943 2717 969 2766 q.
983 2700 1131 2766 sequentes
1138 2719 1159 2767 μ
1240 2745 1241 2754 ι

231 2769 263 2817 17
281 2762 378 2832 peditis
394 2761 426 2813 H
489 2766 520 2814 18
538 2763 640 2816 uelites
648 2762 678 2815 π’
694 2765 847 2831 expleuitos
857 2784 882 2820 ιι.
897 2769 933 2819 M
943 2767 1090 2833 explicitos
1099 2784 1125 2822 u.
1142 2770 1211 2820 (ΗΡ

231 2831 381 2899 expletites
388 2847 414 2886 u.
428 2830 450 2884 A
464 2831 608 2898 expedites
617 2848 643 2884 ιι.
656 2836 690 2898 Α,
701 2837 775 2900 uulgo
789 2836 905 2891 Frontin.
919 2836 1000 2886 Strat.
1013 2835 1053 2898 11,
1068 2839 1097 2898 3,
1112 2838 1144 2886 16
1158 2853 1209 2888 ex-

230 2899 338 2966 peditos
347 2898 459 2966 pedites
467 2899 578 2952 ueteres
587 2899 731 2952 Scriueriue
802 2904 833 2954 te
853 2900 1009 2971 euenerint]
1024 2905 1129 2956 suerint
1140 2921 1163 2954 π

229 2970 262 3018 20
281 2967 413 3018 aduersus
427 2966 471 3018 dP
560 2969 592 3018 22
615 2968 826 3021 adsuefecerent
843 2973 869 3020 P
884 2971 1090 3024 assuefacerent
1105 2970 1136 3022 π’
1155 2973 1206 3022 ud-

230 3034 353 3085 suascere
366 3035 521 3087 salerentA
533 3036 690 3088 adsuescere
703 3038 827 3087 feterent
840 3035 863 3090 d
874 3037 1033 3091 adsuescere
1047 3041 1205 3106 sacereutp

296 3104 329 3152 22
347 3097 436 3168 binos]
451 3103 539 3153 bonos
548 3102 566 3155 d
629 3106 662 3156 23
680 3104 827 3156 missilibus
837 3107 914 3171 μΠΡ

231 3205 435 3216 σι--μ--ι--ι-

247 3272 274 3324 S.
287 3273 320 3326 L.
374 3274 387 3322 1
408 3272 443 3323 ab
457 3270 632 3340 aduersariis]
649 3275 693 3325 alo
707 3275 875 3326 aduersariis
884 3277 921 3327 M
929 3275 1016 3343 ala(?)
1031 3294 1055 3332 a.
1066 3280 1098 3344 Α,
1108 3274 1203 3343 (arna)

300 3344 312 3391 l
331 3339 505 3406 impressrone
520 3341 551 3392 Π
617 3343 835 3409 1,ροιιοπιρίῐιιι
849 3347 881 3409 Ap

310 3408 376 3459 (lar.
390 3410 463 3460 XVI.
517 3411 531 3460 l
551 3407 614 3477 nna]
635 3409 693 3476 [Αἱ
765 3415 796 3462 10
814 3411 999 3464 ueletioribns
1012 3410 1207 3477 (uelalioribus

230 3477 307 3540 Mtp
348 3479 377 3526 ll
394 3474 509 3543 cornua]
524 3485 609 3529 corna
622 3475 650 3528 α’
665 3479 778 3530 cornus
819 3480 851 3529 16
864 3479 1020 3546 imparesll
1060 3483 1092 3534 18
1104 3479 1200 3550 isdem]

176 3543 178 3556 '
230 3541 369 3593 hisdemO
439 3547 471 3596 23
491 3544 704 3597 collocarentll
