2500 4034
226 248 304 296 xxn
469 233 625 286 Praelatio.
660 233 795 288 Codicum
813 249 953 288 recensus.

221 394 282 465 plia
308 389 361 461 (cf.
377 389 439 447 164
460 409 489 447 n.
506 377 577 461 ecl.),'
604 408 779 465 quamquam
811 390 879 464 (fol.
902 389 942 448 74
969 391 1011 460 u.)
1039 403 1238 470 supererat)

222 479 364 549 spatium·
387 491 481 549 neque
503 482 598 538 tamen
620 481 800 534 recentiores
819 491 923 534 manus
942 479 973 534 ia
992 481 1140 534 intactum
1163 477 1238 556 re-)

220 565 385 635 liquerunt:
414 561 590 618 adiecerunt
615 561 819 634 alphabetum,
850 568 938 619 notas
957 565 1085 620 musicas
1109 561 1157 634 (e.
1188 565 1238 638 9.)

219 638 652 797 Ξὲῆῌζ),
688 702 781 762 ‘rnali
811 705 896 762 uerbi
921 709 1077 773 misterium
1112 693 1224 769 nosc'a

221 851 317 907 aculis
341 852 397 906 lna:
425 846 484 906 tuc'
519 847 617 923 (XIV.
640 847 732 916 saec.)
763 851 832 906 alia
876 849 940 906 sat.
963 847 1003 907 58
1026 869 1055 906 u.
1083 849 1127 922 (in
1154 855 1222 923 fin.

221 933 432 1009 quaternionis)
454 933 492 1006 (n.
511 936 555 992 ed.
569 953 600 1008 p.
621 933 696 1004 123,
715 931 744 1006 2)
765 933 869 990 desinit
892 933 1062 992 ‘necessita’
1081 937 1222 1009 reliquo

223 1022 317 1091 spatio
333 1027 360 1075 et
374 1021 471 1076 lineae
486 1026 514 1075 et
526 1023 654 1094 popinae
670 1035 782 1082 nasim,-
795 1021 892 1092 perpit
904 1018 960 1091 sol.
973 1017 1013 1076 59
1030 1038 1055 1075 r.
1073 1020 1117 1076 ‘te
1134 1035 1221 1078 con·

221 1103 335 1178 stipant’
357 1110 423 1168 etc.,·
444 1110 472 1160 et
493 1103 572 1160 huna
591 1106 686 1161 locum
706 1107 736 1160 in
750 1119 833 1160 snum
848 1119 931 1161 usum
945 1107 1092 1162 recentior
1108 1123 1218 1178 qnae·
1237 1157 1238 1164 ,

190 1271 192 1276 ,
222 1207 288 1262 dam
303 1205 505 1263 ecclesiastica
520 1222 625 1264 manns
641 1208 787 1262 conuertit
797 1203 833 1276 (e.
844 1221 872 1278 a.
886 1205 957 1264 ‘Sc'a
972 1210 1066 1264 maria
1082 1181 1222 1268 affaris

222 1327 272 1382 nri
285 1319 337 1402 ilfa
352 1322 424 1386 m
442 1327 471 1382 in
490 1340 595 1382 manus
614 1327 668 1398 filii
689 1328 732 1380 tui
746 1331 773 1380 'et
789 1330 856 1380 tuas
872 1325 969 1394 meaa
984 1325 1068 1383 lodie
1083 1334 1112 1384 et
1127 1331 1163 1386 in
1185 1336 1220 1387 oi

223 1417 351 1481 ternpore
372 1413 474 1466 anima
494 1413 559 1466 meai
579 1414 607 1466 e't
629 1403 715 1480 corp⁹
735 1412 811 1464 merl.
855 1410 884 1479 (i.
905 1425 932 1466 e.
958 1417 1064 1466 sancta
1085 1411 1213 1482 Maria,
1237 1419 1238 1474 i

222 1502 317 1552 mater
335 1495 450 1550 Domini
470 1497 564 1551 nostri
582 1496 653 1552 lesu
676 1491 797 1562 carisa,
822 1497 853 1549 in
873 1511 978 1552 manus
995 1494 1023 1567 f.
1040 1502 1059 1552 t.
1079 1503 1111 1552 et
1132 1505 1215 1557 tuas

223 1580 387 1636 commendo
402 1579 430 1634 Ιι.
446 1593 471 1633 e.
487 1581 611 1635 inomni
631 1585 650 1635 t.
668 1581 794 1634 animam
808 1594 899 1635 meam
916 1585 943 1637 et
959 1595 1068 1652 corpus
1082 1584 1211 1654 meum).

223 1665 287 1721 Fal.
303 1661 321 1718 2
337 1681 363 1720 r.
385 1659 413 1719 et
430 1667 460 1719 in
481 1667 633 1736 superiore
653 1669 682 1718 et
703 1665 732 1719 in
752 1662 896 1735 inferiore
917 1667 1047 1738 maraine
1069 1683 1212 1726 rasurae
1237 1691 1238 1725 i

224 1754 410 1820 comparent:
432 1749 524 1805 diluta
546 1754 613 1804 sunt
636 1763 712 1821 quae
728 1765 830 1819 pauca
851 1765 957 1806 manus
972 1749 1041 1806 XV.
1057 1766 1138 1808 saec.
1165 1757 1214 1810 aa
1237 1741 1238 1824 ζ

222 1836 382 1907 marainem
397 1831 605 1904 eiusdemsolii
618 1835 799 1904 superiorem
815 1834 1100 1892 conscribitlauerat.
1129 1837 1212 1896 Post
1237 1828 1238 1912 )

224 1919 368 1975 Haasium
391 1924 419 1974 et
439 1915 487 1974 Du
507 1918 582 1977 Rieu
607 1921 670 1988 ipse
690 1915 729 1989 (a.
754 1913 844 1992 1868)
868 1922 984 1976 contuli.
1030 1917 1211 1994 Complures
1237 1921 1238 1994 )

221 2007 303 2061 locos
335 2004 439 2060 iterum
473 2005 601 2074 inspexit
630 2001 683 2058 Dr.
721 2003 793 2076 Aup.
828 2001 974 2078 Behapliel
1006 2005 1127 2078 calleyo.
1158 2039 1210 2050 -
1237 1995 1238 2006 ’

223 2088 364 2144 Memoria
390 2087 558 2159 alpaissima
585 2094 628 2142 est
655 2089 780 2158 epistula
808 2089 848 2144 aa
879 2088 1022 2161 Vepctium
1046 2097 1204 2163 spectans,

222 2188 310 2246 qnam
330 2172 378 2230 iiie
394 2171 489 2228 codex
502 2174 561 2243 ipsi
584 2173 668 2244 operi
683 2173 853 2243 praemittit.
899 2172 944 2230 Ita
967 2161 1031 2232 cum
1053 2192 1071 2230 a
1094 2174 1206 2234 Fride-
1237 2175 1238 2252 )

223 2260 285 2315 rico
306 2255 419 2313 Haasia
440 2253 469 2328 (l.
488 2254 535 2328 L),
557 2271 634 2330 qnae
655 2257 868 2329 diliyentissime
888 2263 1085 2328 tractaretur,
1109 2260 1206 2334 diana
1237 2267 1238 2323 )

221 2343 321 2400 habita
336 2344 372 2400 sit
386 2356 480 2414 neque
494 2342 609 2398 dubiam
625 2343 768 2412 uideatur,
786 2344 855 2414 quin
878 2345 1037 2400 rectissime
1052 2343 1205 2404 Hrabano
1237 2335 1238 2416 )

222 2428 328 2485 lisura
344 2425 452 2500 Vepetii
462 2427 625 2498 exemplum
636 2426 773 2483 Eutherio
789 2428 853 2499 repi
862 2425 1009 2484 dedicanti
1020 2429 1201 2498 uindicatur,
1237 2417 1238 2510 )

221 2529 278 2568 non
290 2525 446 2582 possumus
460 2526 518 2567 non
534 2525 597 2565 eam
612 2511 796 2584 lucanaque
811 2511 875 2567 loco
891 2511 1034 2568 subicere.
1072 2511 1110 2570 ta
1124 2529 1201 2573 uera
1237 2517 1238 2564 i

222 2595 393 2654 monendam
409 2602 467 2664 est,
486 2595 569 2649 Fria.
587 2593 741 2664 Humilem,
759 2596 851 2667 quiin
866 2595 963 2652 Paris.
981 2593 1064 2654 7230
1078 2598 1104 2653 Α
1117 2598 1202 2657 lianc

223 2681 376 2753 epistulam
387 2681 482 2736 inesse
497 2680 608 2743 doceat,
617 2683 721 2735 eontra
735 2679 771 2734 de
785 2681 848 2734 aaa.
858 2678 939 2737 7383
948 2697 1076 2753 prorsas
1088 2689 1200 2756 taceat,
1237 2689 1238 2760 ξ

223 2778 343 2822 numero
363 2778 426 2819 esse
446 2763 572 2836 falsam:
595 2778 690 2836 neque
709 2767 782 2819 enim
797 2770 848 2820 ant
868 2767 897 2820 in
912 2764 984 2822 Par.
1001 2763 1085 2824 7230
1100 2775 1151 2823 ant
1167 2773 1202 2826 in
1237 2765 1238 2828 ἶ

222 2850 293 2905 Par.
311 2847 395 2906 7230
409 2849 450 2911 Α,
476 2849 512 2905 aa
531 2861 589 2921 quo
612 2848 697 2921 infra
716 2863 816 2921 pauca
838 2850 929 2905 uerba
950 2849 1110 2922 faciemus,
1138 2857 1202 2911 tale
1237 2885 1238 2916 i

223 2935 294 3010 qaia
318 2940 446 3006 apparet
452 2957 461 2998 ‚·
490 2934 618 3003 accedit,
650 2935 738 3006 qnod,
770 2949 846 3006 quas
870 2935 978 2991 coelicis
1000 2935 1131 2993 Parisini
1150 2935 1200 3010 (P)
1237 2925 1238 3000 ᾖ

223 3021 326 3074 uarias
341 3019 446 3092 affert,
473 3019 576 3089 optime
596 3021 625 3074 in
641 3017 713 3074 Par.
731 3016 812 3075 7383
829 3019 986 3092 quadrant.
1032 3021 1199 3080 Praeterea
1237 3035 1238 3092 ζ

222 3103 499 3162 commemorandum
515 3107 558 3158 est
572 3104 651 3158 illam
667 3104 822 3173 epistulam
837 3121 895 3160 non
910 3105 1011 3174 sotum,
1029 3121 1101 3179 qnos
1112 3103 1199 3162 Haa-
1237 3119 1238 3182 ξ

222 3191 283 3245 sius
302 3187 408 3260 affert,
432 3203 450 3242 a
469 3185 638 3243 Treuirensi
652 3185 695 3257 (X
701 3184 786 3260 Vs),
814 3185 1022 3245 Vindoboaensi
1045 3183 1196 3263 (Basileae
1237 3189 1238 3246 i

223 3292 251 3329 a.
276 3269 356 3330 1437
377 3273 502 3343 scripto·
530 3269 572 3343 cf.
595 3271 755 3328 Endlictter
775 3273 864 3328 catal.
891 3274 974 3330 cada.
1005 3271 1121 3330 Vinciat.
1142 3277 1197 3336 tut.
1237 3279 1238 3336 i

220 3376 250 3430 p.
261 3355 343 3428 206),
360 3355 535 3413 Florentinis
548 3357 622 3428 piat.
630 3355 679 3425 45,
690 3353 732 3414 20
745 3353 787 3427 (X
795 3355 825 3412 V.
832 3355 867 3426 s.)
881 3354 908 3428 (e
921 3375 977 3430 queo
989 3356 1151 3416 Bandim'us
1165 3365 1198 3418 in
1237 3361 1238 3402 ἶ

109 3430 119 3438 ’
224 3444 315 3498 catal.
332 3441 368 3498 ΙΙ
376 3459 408 3513 p.
418 3439 478 3497 357
495 3456 558 3496 eam
569 3439 723 3512 ediderat),
735 3442 809 3512 plut.
821 3439 871 3511 45,
881 3439 919 3496 21
936 3439 980 3512 (Χ
987 3441 1017 3498 V.
1031 3441 1067 3514 s.)
1082 3450 1110 3499 et
1122 3445 1197 3514 plut.

222 3525 274 3597 53,
296 3524 332 3581 12
349 3527 440 3600 (saec.
454 3525 504 3582 XI
511 3524 553 3599 V.)
569 3533 597 3582 et
611 3527 710 3584 italice
725 3540 842 3588 uersam
858 3524 956 3598 (XIII.
973 3525 1064 3599 saec.)
1080 3543 1098 3582 a
1114 3527 1197 3588 Bono
1237 3541 1238 3606 ζ
