2500 4034
182 256 245 304 m
591 241 744 292 Praefatio.

181 395 216 452 Π
225 397 273 455 VD
281 400 406 470 propria
421 405 490 456 nota
502 399 542 468 π’,
555 413 726 456 consensum
737 398 875 454 librorum
888 395 922 452 Π
930 399 1006 456 VBP
1019 403 1163 458 ntittera

155 493 159 515 ¹
178 485 388 556 expressimus,
402 483 519 545 Librum
530 481 703 556 D‚quomuis
711 477 946 556 frequentissime
956 489 1162 558 etpraecipae

178 572 210 625 ia
219 570 487 639 interpolationibus
499 585 563 628 curn
579 567 647 626 Vita
657 570 826 639 consentiat,
834 576 867 625 at
878 571 907 625 in
915 571 1038 628 editione
1049 577 1158 627 nostra

111 666 116 672 ’
178 655 253 710 duos
267 650 319 708 itas
335 655 449 710 codices
464 671 523 710 una
538 655 636 708 tittero
653 645 670 704 δ
672 653 909 725 comprehensas
924 656 1033 724 uideas,
1055 661 1156 711 tamen

177 739 235 794 troc
249 735 446 809 praefationis
459 739 532 802 toea,
550 744 581 792 ut
592 749 650 808 pro
666 752 697 793 se
712 741 834 811 uterque
848 739 960 794 rectius
972 741 1154 811 aestimetur,

178 839 199 878 a
225 822 463 894 Vseparandum
489 817 639 878 ducimus.
679 822 744 894 Ipsi
764 823 886 902 denique
911 824 1048 896 primarii
1066 825 1157 881 tesius

178 909 287 962 classis
302 910 389 962 testes
404 905 438 962 Π
448 913 478 966 et
502 907 524 964 V
538 921 663 968 mammo
680 910 758 966 inter
772 923 803 964 se
818 897 974 980 differunt,
997 913 1061 990 cum
1077 915 1118 993 'et
1121 905 1158 962 Π

177 1006 251 1048 suas
273 1005 381 1064 eosque
399 994 563 1078 permultas
578 992 686 1048 tabeat
701 995 990 1064 interpetationes—
1011 980 1094 1051 cuius
1107 998 1157 1050 rei

174 1077 374 1148 periculum
362 1093 390 1131 sa
407 1071 585 1149 unaquaque
598 1071 666 1148 'fere
676 1079 789 1148 pacina
801 1078 872 1148 fieri
884 1079 1001 1133 iicet—
1025 1083 1052 1134 et
1076 1079 1099 1134 V
1112 1094 1156 1136 ex

178 1162 277 1217 eodem
298 1177 335 1216 aa
351 1161 378 1216 I)
399 1161 558 1233 archetypo
576 1156 700 1232 fluxerit
719 1159 823 1216 multis
833 1162 882 1217 itta
902 1164 1043 1236 quietem
1032 1181 1062 1223 ru
1077 1165 1153 1220 iocis

177 1246 343 1316 deprauata
365 1251 452 1318 atque
472 1247 655 1319 interpolato.
701 1244 890 1304 Nihilominus
910 1251 1033 1322 uterque
1046 1247 1152 1320 perbo-

177 1345 235 1386 nus
257 1331 369 1387 coacto
365 1336 416 1386 est
437 1327 588 1386 tabenann
610 1344 703 1403 neque
725 1333 814 1404 omitti
833 1331 915 1388 debet
939 1332 963 1387 V
973 1334 1151 1404 potissimum

178 1415 358 1470 nonnuliis
345 1433 375 1470 m
396 1416 482 1485 tacis,
505 1415 555 1470 uti
574 1417 665 1470 ceteri
680 1430 777 1471 ornnes
797 1416 938 1484 delirent,
960 1423 1070 1502 rectum
1087 1431 1150 1474 ser

178 1513 266 1554 uasse
281 1500 329 1554 uel
345 1498 550 1555 restituisse.

265 1582 350 1638 Haec
357 1599 459 1654 pauca
475 1584 511 1638 cte
526 1583 646 1656 sinuatis
655 1585 771 1655 ceneris
783 1598 805 1636 π
817 1584 962 1651 codicibus
978 1585 1149 1642 disserenda

176 1665 414 1738 existimauimus,
425 1673 456 1724 ut
467 1683 545 1724 nunc
557 1669 687 1740 quaestio
698 1668 734 1722 de
745 1669 910 1724 discrimine
919 1671 1148 1743 archetyporum

178 1755 389 1809 seininstituta
401 1752 442 1807 aci
449 1754 535 1825 finem
542 1754 637 1824 possit
649 1752 758 1808 deduci.
771 1753 874 1810 Restat
882 1757 964 1826 cuim,
974 1762 1004 1811 ut
1014 1758 1044 1810 in
1056 1758 1097 1812 eis
1107 1758 1149 1812 io-

178 1841 229 1907 cis,
240 1833 382 1910 quibust]
393 1831 444 1892 eti
457 1833 514 1907 (rect
527 1840 611 1894 etiam
624 1837 767 1893 interdum
776 1835 811 1892 Π
817 1839 839 1893 V
845 1836 915 1912 etii)
927 1846 954 1895 et
966 1840 1061 1896 ateet
1072 1843 1151 1898 inter

178 1937 209 1978 se
224 1923 374 1998 differant,
387 1923 570 1978 consentiant
584 1915 722 1995 qenerise
733 1923 802 1978 iibri
813 1931 893 1980 certe
900 1927 1045 1996 primarii,
1060 1942 1150 1998 quae·

175 2024 244 2063 nam
256 2009 291 2062 sit
306 2008 453 2080 sequentia
467 2009 561 2077 tectio,
575 2012 746 2063 statuamus.
771 2007 863 2076 Quam
874 2023 936 2064 rem
947 2012 1147 2084 inuestiyanti-

178 2091 231 2148 bus
246 2091 326 2148 nobis
341 2095 480 2162 apparuit
496 2092 626 2164 omnibus
636 2090 704 2163 fere
719 2092 824 2148 tatibus
838 2096 867 2148 in
881 2095 977 2150 toeiss
994 2107 1094 2150 ueram
1107 2098 1149 2154 ie·

175 2179 299 2232 ctionem
313 2177 473 2248 praebere;
489 2177 519 2231 iri
533 2178 610 2250 quod
622 2177 668 2232 itis
678 2179 787 2248 paucis
802 2181 943 2253 eaemniis
953 2179 1116 2262 probatur.-

176 2371 204 2423 p.
232 2357 258 2423 8,
273 2359 304 2407 lt
322 2373 373 2424 per
389 2355 512 2408 laborem
525 2373 575 2408 usu
589 2355 657 2408 mili·
693 2373 742 2424 per
754 2357 876 2410 laborem
889 2357 939 2410 usis
949 2358 1047 2410 militis
1062 2359 1093 2412 Π

335 2426 402 2475 tiam
416 2425 459 2488 (-
474 2441 490 2474 s
503 2427 540 2488 Α)
555 2424 582 2476 a’
691 2442 741 2492 per
754 2426 857 2478 laboris
873 2441 950 2478 nsum
964 2427 1091 2479 militiam
1104 2427 1149 2480 δΡ
1164 2435 1167 2442 ’

209 2495 253 2556 47,
269 2496 299 2543 tt
319 2493 500 2558 semispathia
509 2492 654 2556 (-t1nri)
690 2495 887 2559 semispathiss
899 2496 929 2548 Π

334 2561 373 2614 εΡ
597 2617 599 2624 ,
688 2562 917 2627 semispstiumli
975 2589 979 2598 s

689 2625 726 2694 (in
743 2629 768 2678 V
781 2628 889 2692 excidit)

208 2695 252 2758 58,
284 2695 297 2744 1
317 2697 365 2744 aut
377 2709 489 2746 seruare
503 2699 552 2746 sut
566 2709 648 2762 suge·
688 2699 736 2746 cut
749 2711 861 2748 seruare
875 2703 922 2748 aot
936 2711 1019 2764 agore
1033 2699 1062 2751 Π

333 2779 361 2812 re
376 2762 420 2827 Αμ
688 2767 737 2814 aut
749 2769 858 2815 certare
873 2774 922 2818 sut
936 2781 1020 2830 agere
1033 2766 1078 2818 ct>

179 2875 183 2882 .
208 2833 253 2895 ts,
267 2833 297 2882 11
316 2837 417 2884 motas
687 2839 754 2884 nota
767 2830 795 2882 Π
808 2839 915 2886 mutata
927 2833 972 2886 tiP

208 2933 251 2993 92,
268 2934 300 2981 14
319 2932 477 2982 ambronum
492 2947 517 2983 s·
621 2949 623 2956 ·
686 2901 807 2987 umbiitr
817 2933 848 2984 Π
857 2933 986 2986 umbroris
997 2935 1040 2987 δΡ

192 3002 252 3064 124,
285 3004 299 3049 1
318 2999 477 3065 iungeretur
490 3017 509 3050 a
619 3047 621 3052 .
687 3005 879 3068 iniungeretur
892 3001 922 3054 Π
934 3004 1079 3070 ingeratur
1091 3003 1135 3055 δΡ

192 3069 251 3131 136,
267 3070 298 3118 19
316 3069 433 3132 proserit
444 3084 463 3117 a
686 3073 805 3153 proterit
817 3071 845 3126 Π
858 3073 964 3136 profert
977 3070 1041 3134 δΡ(
1032 3073 1070 3136 (i.)

193 3137 251 3198 150,
282 3137 298 3184 4
318 3135 390 3185 ionio
404 3136 498 3186 moris
686 3139 713 3188 in
728 3140 803 3190 ionio
816 3140 886 3189 mari
901 3139 953 3191 Π·
946 3141 1018 3190 ιοηίο
1032 3141 1060 3190 in
1074 3143 1142 3190 mari

189 3331 193 3344 ⁵
260 3360 430 3417 Extremam
446 3366 498 3433 cst,
515 3367 546 3418 ut
556 3363 591 3418 de
606 3369 747 3434 excerpto
769 3364 858 3421 Vatic.
885 3367 949 3423 VII.
965 3381 1043 3425 saec.
1061 3368 1142 3424 uotis

175 3444 205 3500 Ε
216 3460 315 3526 pauca
331 3446 478 3502 addamus.
525 3447 607 3516 Quod
620 3465 792 3522 quamquam
809 3452 848 3504 ad
861 3467 883 3504 π
893 3456 1030 3523 pertinet,
1048 3461 1140 3510 tamen

173 3533 325 3603 complura
342 3537 417 3602 sunt,
433 3535 462 3588 in
477 3533 580 3606 quitus
595 3549 659 3590 cum
675 3549 688 3588 ε
705 3537 862 3592 consentit:
