2500 4034
444 253 505 303 cia.
525 255 552 315 1,
570 257 611 307 eo.
630 257 672 306 ec.
997 261 1044 326 25

54 401 161 464 xxttt.
192 405 350 466 Interdum
366 412 464 465 autem
477 406 628 482 quadrata,
644 409 792 470 interdum
806 412 932 490 trigona,
945 416 1038 475 iuter·

55 490 125 549 dum
161 489 393 558 semirotundo,
432 500 521 568 prout
552 490 611 552 loci
646 495 771 572 qualitas
800 504 850 556 aut
879 502 1039 562 necessitas

58 573 282 652 postulauerit,
310 583 406 634 castra
433 575 567 635 iacienda
590 587 666 638 sunt.
713 579 800 640 Porta
821 588 934 651 autem,
963 601 1038 661 quae

58 659 238 736 appellatur
263 660 426 738 praetorio,
453 669 502 719 aut
529 662 675 724 orientem
698 672 833 742 spectare
860 665 963 736 debet,
989 677 1038 729 aut

59 744 142 804 illum
170 745 277 806 locum
300 747 351 822 qui
372 744 407 803 ad
434 744 534 804 hostes
561 747 696 824 respicit;
726 757 777 808 alit
797 752 821 809 si
846 751 904 812 iter
930 754 1035 829 agitur,
1051 781 1069 820 5.

61 829 139 889 illam
165 837 286 909 partem
310 828 399 888 debet
419 828 594 899 adtendere,
618 832 762 911 adquam
786 844 829 894 est
850 837 1038 914 prolecturus

62 917 228 984 exercitus,
245 917 323 974 intra
341 930 427 990 quam
445 915 557 992 primae
574 919 735 986 centuriae,
755 919 811 978 lroc
827 929 871 981 est
889 922 1036 991 cohortes,

63 999 235 1077 papiliones
257 998 384 1059 tendunt
398 1005 427 1057 et
443 999 588 1058 dracones
605 1010 633 1059 et
647 1003 731 1078 sigua
747 1005 935 1066 constituunt.
980 1007 1036 1066 lle-

64 1101 192 1144 cumana
215 1091 316 1144 autem
343 1091 444 1160 porta,
473 1101 546 1160 quae
568 1085 746 1164 appellatur,
767 1095 835 1166 post
854 1094 1035 1168 praetorium

66 1177 114 1236 est,
132 1187 299 1248 perquam
317 1167 522 1244 delinquentes
537 1167 645 1230 milites
661 1171 828 1232 educuntur
844 1175 879 1233 ad
897 1194 1033 1254 poenam.
1052 1205 1081 1242 ro

66 1253 180 1314 ssllll.
213 1257 389 1314 Castrorum
406 1260 503 1312 autem
520 1253 638 1315 diuersa
654 1255 822 1334 triplexque
839 1262 964 1318 mollitio
980 1273 1035 1320 est.

66 1337 133 1398 Nam
157 1341 187 1399 si
208 1339 300 1398 nimia
327 1338 488 1396 necessitas
513 1355 572 1396 non
594 1341 718 1418 premit,
744 1342 887 1421 caespites
909 1345 1036 1404 circum-

68 1423 206 1483 ciduntur
223 1441 239 1482 e
257 1433 337 1482 terra
359 1430 388 1481 et
408 1440 442 1482 ex
469 1421 514 1479 his
538 1421 621 1484 uelut
641 1443 746 1484 murus
767 1427 938 1496 instruitur,
960 1427 1037 1488 altus

68 1508 157 1568 trihus
182 1506 312 1586 pedihus
332 1523 419 1584 supra
443 1515 565 1574 terram,
589 1511 628 1568 ita
650 1519 682 1568 ut
702 1509 731 1567 in
747 1519 815 1570 ente
830 1511 868 1571 sit
883 1514 975 1581 losse,
999 1513 1036 1574 de

71 1609 120 1666 qna
143 1592 237 1652 leuati
264 1598 336 1651 sunt
361 1593 520 1669 caespites;
551 1591 658 1652 deinde
686 1594 876 1656 tumultuaria
903 1598 981 1657 fossa
1004 1600 1079 1662 litas

70 1675 121 1736 lata
142 1676 238 1756 pedes
263 1693 371 1734 nouem
395 1686 424 1734 et
441 1675 496 1736 alta
514 1677 604 1752 pedes
621 1677 679 1737 Vll.
724 1678 781 1738 Sed
805 1679 854 1740 ubi
876 1685 921 1742 uis
938 1685 1036 1744 acrior

72 1762 193 1822 inminet
222 1761 367 1832 hostium,
395 1768 467 1820 tunc
497 1759 626 1836 legitima
657 1764 734 1823 losse
757 1765 898 1826 ambitum
922 1785 1034 1826 corrue-

74 1847 110 1905 uil
133 1847 255 1906 munire
277 1851 458 1914 castrorum,
486 1848 525 1904 ita
547 1854 577 1906 ut
598 1846 651 1906 XII
677 1848 768 1925 pedes
790 1849 846 1909 lata
868 1853 905 1911 sit
928 1860 956 1911 et
978 1851 1034 1912 alta

74 1931 122 1990 sub
142 1930 237 1998 lineo,
260 1931 338 1989 sicut
358 1927 522 2007 appellant,
543 1932 635 2010 pedes
655 1950 773 1992 nouem.
818 1935 912 2014 Supra
935 1945 1033 1996 autem

75 2015 206 2094 saepibus
231 2013 302 2074 hinc
327 2014 396 2074 inde
421 2015 521 2083 lactis,
553 2035 628 2094 quae
654 2016 690 2075 de
716 2018 792 2077 lossa
818 2018 912 2082 leuata
936 2022 1032 2090 luerit,
1048 2056 1078 2094 ῃ

76 2109 147 2160 terra
175 2099 346 2176 congeritur
368 2104 396 2159 et
417 2102 523 2160 crescit
545 2102 574 2159 in
596 2099 686 2160 altum
703 2101 754 2160 llll
776 2103 877 2180 pedes.
922 2106 970 2165 Sic
992 2107 1032 2173 ut,

76 2193 102 2243 ul
121 2187 159 2245 sit
174 2183 239 2244 Xlll
260 2182 318 2244 alta
340 2191 369 2243 et
384 2183 438 2242 Xll
459 2184 532 2252 lata;
556 2203 646 2263 supra
668 2202 754 2261 quam
776 2189 864 2248 sudes
886 2189 921 2248 dc
944 2188 1034 2267 lignis

77 2269 250 2336 laetissimis,
285 2285 356 2346 quas
387 2266 495 2328 milites
525 2279 644 2348 portare
674 2281 909 2343 consueuerant,
949 2293 1034 2352 prae-

76 2354 208 2430 figuntur.
251 2352 295 2412 ild
318 2353 395 2428 quod
421 2371 495 2431 opus
523 2355 637 2429 ligones
664 2361 759 2415 restra
788 2358 890 2433 qualos
918 2357 1033 2436 aliaque

79 2437 237 2498 utensilium
259 2453 370 2514 genera
394 2437 498 2497 haberi
521 2439 663 2498 conuenit
688 2457 806 2519 semper
831 2443 860 2501 iu
885 2449 1032 2520 promptu.
1047 2480 1077 2521 ᾖ

94 2572 122 2620 V.
135 2573 166 2620 L.
214 2570 281 2623 Cur.
295 2570 398 2621 XXIII.
451 2570 736 2638 3portalaulem]H
781 2576 985 2640 badpenelH

81 2637 257 2703 upapitiones
270 2635 395 2703 tendunt]
421 2654 471 2702 per
492 2641 555 2690 laec
571 2643 649 2691 uerba
668 2641 715 2703 sol.
732 2645 747 2691 ‘l
764 2645 820 2693 cod.
837 2645 863 2692 V
877 2647 967 2709 incipit

83 2704 139 2756 Cer.
151 2705 264 2756 xxutr.
319 2707 365 2756 doc
381 2715 459 2771 caput
474 2711 641 2772 inscriptione
658 2718 729 2758 curet
745 2715 958 2779 praecedentique
974 2730 1033 2763 con-

83 2775 139 2824 tinno
154 2775 295 2828 adnectitur
311 2774 338 2822 in
357 2773 403 2834 QP
479 2779 510 2825 11
530 2772 610 2843 [diu]
630 2773 813 2844 tripteqque]
833 2780 853 2841 Q
928 2783 958 2831 to
979 2778 1031 2846 [et]

83 2840 129 2892 atta
140 2842 188 2907 pn
231 2843 262 2890 17
280 2840 366 2891 hostis
375 2840 395 2902 Q
441 2859 525 2893 omnes
537 2861 652 2896 nunrewe
663 2845 735 2894 tutus
747 2849 839 2909 capitis
851 2851 897 2900 titt.
910 2865 986 2911 enpr.
1001 2851 1036 2900 M

139 2912 168 2960 18
186 2907 327 2959 duodecim
345 2909 462 2974 pedibus
472 2908 544 2976 [lala
555 2911 598 2978 lit]
614 2914 641 2964 Π
722 2915 755 2964 20
773 2913 880 2981 ictuata]
899 2917 992 2980 egesta
1006 2915 1035 2965 Π

138 2980 168 3026 22
185 2981 214 3026 ut
229 2972 324 3042 [sitJG
380 2977 449 3028 XIII
467 2978 551 3042 (tred.
563 2981 593 3043 μ)
610 2978 661 3048 [p]
678 2981 735 3032 all-a
749 2997 776 3042 ε;
807 2984 938 3034 tredecim
953 2985 1041 3048 pedet*

85 3043 132 3094 alto
144 3044 171 3094 II
185 3045 316 3094 tredecim
334 3045 452 3108 pedibus
466 3046 525 3095 elta
537 3044 582 3096 dP
648 3052 680 3100 23
698 3049 895 3102 consueuerant
908 3052 967 3103 eor>

84 3113 110 3160 et
123 3110 214 3177 rastra]
233 3109 322 3162 rostra
334 3111 364 3162 Π
380 3118 457 3163 rutro
470 3113 624 3166 Steweclttus
662 3117 743 3182 palai
752 3125 828 3169 rutra
842 3118 904 3172 Oud.
925 3119 1033 3187 qualos]

84 3179 149 3242 palos
156 3177 184 3232 π’
236 3178 476 3230 nohabereu’rtt’

97 3299 119 3348 S.
131 3299 159 3351 L.
204 3297 270 3347 Cur.
282 3295 385 3350 XXIII.
438 3299 656 3352 tsemirotonda
668 3307 700 3367 A1
770 3306 980 3370 dpraeturiaA

84 3364 221 3431 irelpicit]
236 3367 295 3415 -cel
306 3365 338 3429 Ap
390 3363 622 3434 6illem]ille.l'l
688 3372 875 3423 attenderet]
933 3374 1034 3422 Icen-

85 3431 169 3500 turiae]
188 3433 363 3484 tentoriaeA
399 3436 567 3500 tentoriaep
638 3438 856 3503 Spapilonesor’
919 3443 1033 3502 elprae·

84 3502 197 3552 turiumA
237 3500 305 3551 Car.
318 3498 433 3552 XXIIII.
466 3505 498 3552 16
512 3506 604 3568 agrior
617 3503 645 3554 α’
683 3509 712 3556 17
726 3505 893 3556 imminetll
927 3505 1034 3557 idlae·

85 3565 159 3635 pibus]
173 3568 262 3635 sepios
273 3567 301 3620 tt
365 3568 462 3636 fuerit]
477 3572 579 3620 luerint
593 3571 620 3620 α’
