2520 4044
498 201 561 250 tre.
580 201 636 257 iu,
654 203 680 252 o.
1029 201 1071 265 75

65 361 144 418 tium
169 357 304 414 uiarum
332 353 428 412 duces
449 351 572 412 idoneos
594 357 783 432 scientesque
805 357 979 434 praecipere
1002 375 1068 416 eos·

65 461 127 520 que
156 439 334 502 custodiae
355 439 525 515 mancipare
547 436 645 497 addita
666 457 781 516 poenae
800 442 997 500 ostentatione
1019 439 1068 500 uel

68 527 219 604 praemii.
264 523 370 583 Erunt
386 524 464 582 enim
480 521 579 594 utiles,
594 541 661 582 cum
677 523 850 600 intellegant
864 542 919 584 nec
935 525 1068 600 sugieudi

67 611 128 670 sihi
164 609 298 687 copiam
330 623 491 684 superesse
521 615 550 666 et
573 606 642 666 lidei
672 611 836 684 praemium
866 627 900 668 ac
925 609 1068 687 perfidiae

69 703 182 773 parata
201 690 375 771 supplicia.
411 689 632 751 Prouidendum
648 710 780 770 quoque,
802 700 836 752 ut
850 694 998 770 sapientes
1015 709 1093 752 ex·r›

72 780 274 856 ercitatique
292 781 485 853 quaerantur,
502 793 540 834 ne
555 775 682 835 duorum
698 785 749 836 aut
762 778 853 836 trium
865 795 952 837 error
963 778 1068 837 discri-

70 883 148 924 men
165 864 277 942 pariat
293 862 454 920 uniuersis.
484 859 636 920 interdum
653 867 750 920 autem
766 861 903 939 imperita
917 864 1068 921 rusticitas

72 947 167 1027 plura
192 946 353 1025 promittit
373 951 403 1003 et
423 943 518 1004 credit
538 963 570 1004 se
591 947 669 1004 scire
683 963 759 1022 quae
775 949 878 1005 nescit.
923 947 980 1006 Sed
997 965 1067 1006 cau·

73 1033 160 1092 telae
177 1037 279 1109 eaput
295 1037 354 1097 est,
376 1035 424 1097 ut,
447 1027 482 1087 ad
498 1047 575 1107 quae
590 1027 655 1089 loca
670 1027 718 1088 uel
735 1029 843 1106 quibus
859 1032 1015 1090 itineribus
1031 1033 1069 1089 sit

77 1117 290 1196 prolecturus
313 1114 476 1180 exercitus,
497 1114 666 1187 ignoretur;
689 1115 870 1175 tutissimum
893 1132 1020 1192 namque
1036 1117 1067 1174 in
1082 1133 1107 1171 ιο

76 1197 338 1280 expeditionibus
353 1196 487 1257 creditur
502 1197 635 1257 iacienda
651 1201 770 1258 nesciri.
815 1198 861 1258 ob
877 1199 933 1257 hoc
949 1211 1067 1258 ueteres

75 1285 254 1346 Minotauri
279 1283 396 1359 signum
413 1283 444 1340 in
459 1280 626 1358 legionibus
646 1281 830 1350 hahuerunt,
858 1291 904 1346 ut.
926 1283 1069 1359 quemad·

80 1369 217 1430 niodum
247 1365 299 1426 ille
318 1368 350 1424 in
371 1367 475 1425 intimo
496 1376 525 1426 et
544 1367 742 1426 secretissimo
763 1364 932 1444 labyrintho
952 1365 1068 1426 abditus

80 1451 290 1532 perhibetur,
315 1453 356 1509 ita
379 1449 464 1510 ducis
488 1451 643 1511 consilium
672 1468 790 1528 semper
812 1459 889 1510 esset
909 1449 1066 1511 occultum.

81 1541 246 1598 Securum
266 1535 327 1594 iter
346 1535 445 1612 agitur
459 1536 538 1610 quod
554 1535 702 1612 agendum
718 1532 820 1595 hostes
835 1537 955 1595 minime
970 1537 1067 1613 suspi·
1081 1546 1106 1586 1⁵

83 1629 214 1682 cantur.
259 1620 390 1692 Verum,
405 1619 472 1694 quia
489 1619 691 1698 exploratores
706 1617 884 1680 altrinsecus
900 1622 979 1680 missi
996 1639 1066 1698 pro-

86 1708 260 1767 sectionem
283 1703 495 1782 suspitionibus
510 1703 557 1763 uel
573 1703 668 1763 oculis
686 1703 915 1782 deprehendunt
931 1713 960 1764 et
974 1707 1067 1764 inter·

86 1792 163 1850 dum
180 1789 357 1865 transfugae
373 1787 600 1866 proditoresque
615 1806 675 1847 nou
687 1787 802 1856 desunt,
816 1787 1066 1867 quemadmodum

86 1874 217 1934 occurri
229 1872 438 1950 ingruentibus
452 1872 568 1940 debeat,
585 1874 748 1932 intimetur.
786 1872 850 1932 [lux
866 1891 933 1933 cum
950 1874 1067 1950 agmine

88 1959 247 2018 exercitus
277 1957 466 2034 prolecturus
495 1956 681 2016 fidelissimos
704 1959 970 2034 argutissimosque
998 1976 1064 2016 cum
1079 1982 1105 2020 ao

88 2045 179 2122 equis
195 2041 416 2120 probatissimis
431 2042 541 2110 mittat,
561 2043 612 2118 qni
627 2040 706 2108 loca,
724 2060 779 2118 per
794 2059 869 2120 quae
884 2044 941 2101 iter
956 2042 1066 2102 sacien-

90 2127 163 2186 dum
183 2132 244 2193 est,
265 2126 297 2186 in
312 2143 473 2204 progressu
489 2133 550 2186 eta
566 2134 666 2203 tergo,
687 2124 789 2185 dextra
804 2125 948 2204 laeuaque
963 2123 1063 2202 perlu-

90 2219 208 2276 strent,
230 2229 269 2270 ne
288 2209 401 2288 aliquas
421 2209 587 2270 aduersarii
606 2209 766 2270 moliantur
784 2212 916 2270 insidias.
961 2211 1068 2270 Tutius

91 2304 194 2356 autem
234 2303 396 2372 operantur
431 2293 632 2371 exploratores
667 2294 803 2354 noctibus
833 2313 921 2373 quam
952 2293 1066 2352 diebus.

113 2465 145 2512 V.
161 2463 185 2511 1,
249 2467 262 2510 1
280 2462 444 2526 praecipere
457 2463 612 2511 Storeelrr'ua
624 2463 768 2526 percipere
782 2461 802 2511 0
854 2463 870 2510 2
888 2460 1025 2510 custodire
1038 2459 1070 2510 Π

96 2529 223 2580 custodia
234 2530 259 2578 P
295 2532 311 2578 2
324 2529 509 2580 ostentatione
517 2528 563 2578 ell
570 2529 769 2580 contestatione
779 2530 804 2577 V
805 2531 829 2578 P
838 2528 1033 2579 constitutione
1042 2529 1066 2577 1)

122 2601 139 2648 3
151 2597 314 2662 intelligent
324 2600 398 2659 uulgo
432 2613 468 2646 ne
478 2598 604 2656 fugiendi
613 2599 655 2662 Aa
690 2599 845 2648 Scautelae
855 2601 941 2661 caput
950 2595 1069 2660 esthH

98 2665 227 2727 pautelae
240 2675 325 2728 caput
338 2663 379 2712 est
388 2665 413 2712 Α
425 2664 494 2714 utile
508 2671 590 2729 caput
602 2665 640 2713 est
650 2663 695 2714 ‹tP
726 2667 743 2714 9
755 2665 791 2713 ad
805 2680 874 2730 qnae
888 2666 983 2728 (atque
998 2664 1035 2724 V)
1048 2663 1067 2713 l.

99 2730 143 2780 dP
160 2747 233 2796 aque
249 2730 267 2781 l.
286 2747 305 2780 α
324 2731 360 2779 ad
377 2729 431 2795 que
447 2731 466 2780 l.
484 2732 515 2782 Π
531 2748 565 2782 ea
582 2732 645 2782 loca
661 2748 711 2795 per
729 2734 898 2796 quuetper
915 2747 987 2794 qnae
1005 2730 1067 2778 loca

98 2801 171 2860 arduo
241 2801 274 2848 10
291 2797 451 2848 tutiffimum
470 2799 629 2860 (tutissimus
637 2801 672 2857 Di
690 2816 716 2848 n.
730 2801 749 2848 i.
767 2798 992 2864 expeditionibus
1001 2795 1065 2846 A’rr’

96 2863 231 2918 tutissimis
241 2882 268 2917 n.
282 2869 301 2916 i.
316 2865 540 2930 expeditionibus
548 2867 585 2917 M
593 2867 729 2916 tutissima
740 2882 859 2931 namque
873 2865 1013 2931 expeditio
1028 2865 1069 2913 tP

167 2937 198 2984 11
218 2930 330 2999 nesciri]
346 2934 379 2982 ab
391 2933 516 2984 hostibus
523 2934 623 2984 nesciri
637 2936 678 2982 tP
729 2937 761 2984 13
778 2934 939 2996 labyrintho
954 2933 1066 2994 Plaby-

99 3002 168 3051 rinto
182 3003 226 3052 εἴ]
236 3001 396 3050 laberintho
409 3001 440 3052 H
449 3001 589 3052 laberinto
604 3001 660 3065 DQ,
741 3003 772 3051 l'l
791 3001 1011 3066 suspectionibus
1020 3001 1069 3051 DP

100 3068 329 3133 suspegcionibus
342 3069 368 3116 V
422 3071 453 3120 18
466 3069 668 3134 proditoresque
683 3067 727 3118 dP
737 3069 954 3135 proditoresque
967 3071 991 3118 Α
1006 3086 1067 3134 pro-

98 3135 199 3186 ditores
213 3151 287 3201 quae
299 3136 334 3186 M
346 3135 500 3199 proditores
515 3138 562 3200 qui
576 3137 614 3186 nt
626 3134 860 3203 proditoros[qne]
876 3137 906 3188 Π
972 3139 1003 3184 21
1018 3152 1067 3200 per

99 3208 206 3267 suade

114 3322 140 3374 S.
151 3324 182 3373 L.
236 3317 386 3387 2poanee]
400 3337 471 3386 pene
484 3323 517 3372 M
530 3335 599 3388 pene
613 3321 642 3370 Π
691 3323 707 3371 8
721 3317 867 3385 promittit]
883 3317 1025 3381 promittet
1039 3319 1061 3366 A

160 3393 176 3440 8
195 3385 297 3456 credit]
313 3389 442 3440 credetA
513 3392 544 3439 10
561 3385 746 3453 profecturus]
761 3389 948 3452 profecturum
962 3381 994 3431 A‘

100 3459 128 3506 ta
145 3456 380 3523 quemammodum
394 3456 425 3506 Π
434 3461 492 3507 item
504 3459 588 3506 statim
662 3459 696 3505 20
715 3445 965 3519 argutissimosque]
982 3464 1066 3515 argu·

102 3525 213 3576 tissimus
222 3527 270 3590 qui
283 3529 314 3590 al¹
384 3528 417 3575 23
434 3521 531 3588 tutius]
548 3523 634 3572 totins
643 3522 702 3572 a’ll
