2520 4044
462 240 522 290 nto.
540 241 581 300 11,
601 242 645 292 aa.
990 238 1031 304 59

71 399 153 468 petum
182 409 242 452 nec
270 394 386 472 equites
412 392 527 452 loricati
552 410 608 452 nec
633 391 748 470 pedites
774 395 879 454 scutati
905 401 1031 472 possunt

70 475 180 536 bostium
197 485 294 538 stare.
338 477 373 538 ln
389 495 447 537 una
464 485 561 537 autem
578 475 696 554 legione
713 479 927 556 quinquaginta
943 480 1029 558 quin·

70 579 114 637 que
133 561 362 622 carroballistae
383 580 447 622 esse
468 561 573 622 solent.
617 560 690 622 ltem
708 561 810 622 decem
833 563 950 640 onagri,
972 562 1030 623 hoe

68 653 102 702 est
115 645 223 723 singuli
238 663 298 724 per
314 645 447 724 singulas
462 645 616 715 cobortes,
633 647 664 705 in
680 647 830 726 carpentis
845 644 944 707 bubus
959 665 1029 725 por·

68 736 152 798 tantur
169 733 297 800 armati,
321 739 370 802 ut,
399 732 425 791 si
445 731 523 790 iorte
543 729 643 792 hostes
668 729 870 808 adpugnatum
892 733 1055 792 uenerints

68 812 177 883 uallum,
201 816 326 894 sagittis
347 817 477 876 etsaxis
498 817 613 892 possint
635 821 732 874 castra
753 814 882 876 delendi.
927 815 1029 876 Scalas

67 913 167 974 quoqne
189 899 230 960 de
256 898 384 977 siugulis
411 898 544 960 trabibus
572 907 726 959 excauatas
754 917 822 960 cum
849 899 1030 977 longissimis

65 981 171 1043 ionibus
197 993 229 1044 et
256 984 410 1044 interdum
436 986 524 1044 etiam
550 983 656 1044 lanceis
682 985 794 1044 catenis
822 1002 923 1046 secum
951 983 1029 1062 legio

65 1074 157 1140 portat,
174 1075 332 1146 quatenus
347 1071 492 1128 contextis
507 1067 611 1138 isdem,
629 1069 706 1128 sicut
722 1069 834 1138 dieunt,
850 1068 1027 1149 monoxylis

66 1153 227 1226 superiectis
252 1154 341 1213 etiam
363 1152 514 1222 tabulatis,
542 1153 663 1213 flumina
681 1154 749 1212 'sine
771 1153 926 1230 pontibus,
951 1170 1027 1231 quae
1042 1175 1066 1214 ro

67 1234 152 1294 uadari
172 1244 349 1314 nequeunt,
372 1244 462 1298 tama
478 1236 628 1315 peditibus
650 1254 737 1316 quarn
757 1237 794 1296 ab
811 1239 944 1314 equitatu
959 1241 1024 1298 sine

67 1318 184 1392 periculo
213 1329 417 1382 transeantur.
462 1321 558 1382 Habet
583 1321 698 1381 lerreos
723 1321 925 1400 harpagonas,
954 1339 1029 1400 quos

68 1399 136 1480 lupos
150 1413 280 1476 uocant,
299 1412 329 1465 et
343 1404 435 1466 lalces
449 1406 564 1466 ferreas
579 1406 709 1467 confixas
724 1404 903 1482 longissimis
918 1406 1028 1473 contis:

68 1485 123 1546 item
143 1489 179 1548 ad
205 1490 358 1551 fossarum
385 1509 476 1568 opera
498 1490 633 1550 iacienda
654 1489 790 1550 bidentes
811 1489 926 1567 ligones
947 1487 1029 1568 palas

70 1579 136 1631 rutra
151 1573 260 1636 alueos
276 1575 398 1644 cofinos,
412 1574 522 1651 quibus
537 1583 617 1635 terra
632 1580 779 1652 portetur.
803 1572 899 1634 Habet
911 1591 1028 1654 quoque
1044 1589 1068 1632 15

70 1652 191 1718 dolabras
220 1677 346 1721 secures
371 1660 464 1720 ascias
484 1677 596 1729 serras,
625 1657 734 1736 quibus
755 1660 894 1720 materies
914 1677 949 1719 ac
970 1658 1028 1738 pali

73 1735 234 1805 dedolantur
265 1750 354 1820 atque
382 1751 544 1804 serrantur.
589 1743 686 1805 Habet
715 1751 869 1823 praetcrea
900 1745 1030 1804 artifices

73 1839 124 1884 rum
143 1827 286 1888 omnibus
307 1827 509 1897 ferramentis,
534 1829 583 1904 qui
604 1826 641 1887 ad
663 1827 878 1906 obpugnandas
898 1827 1029 1888 hostium

75 1909 195 1973 ciuitates
213 1910 380 1973 testudines
395 1911 547 1972 musculos
563 1913 671 1973 arietes
688 1914 800 1982 uineas,
822 1919 853 1972 ut
868 1911 1027 1992 appellant,

74 1997 156 2056 turres
182 1999 277 2058 etiam
304 1995 513 2056 ambulatorias
543 1997 663 2057 iaciunt.
709 1999 818 2057 Verum
847 2015 885 2056 ne
911 1997 1025 2075 singula
1041 2007 1066 2047 20

75 2081 265 2144 enumerando
280 2079 365 2158 plura
382 2080 526 2149 dicantur,
540 2082 691 2150 uniuersa,
703 2098 779 2158 quae
794 2082 824 2141 in
841 2098 1029 2160 quocumque

20 2242 21 2256 χ
75 2155 129 2222 belli
141 2182 253 2242 genere
269 2167 436 2226 necessaria
451 2183 515 2226 esse
531 2165 707 2234 creduntur,
730 2183 830 2226 secum
846 2165 924 2243 legio
940 2164 1029 2226 debet

79 2312 268 2328 N*

20 2414 21 2431 ¹
90 2395 115 2444 V.
126 2399 155 2450 L.
228 2399 434 2452 3carrobalilt.
451 2400 497 2466 pP
596 2399 816 2466 badpugnetnm
833 2399 925 2450 netad
944 2399 1031 2464 adpu-

75 2465 196 2523 gnandum
211 2469 287 2533 Lanp
299 2467 346 2531 (cf.
364 2467 444 2517 Tacit.
457 2485 516 2518 aaa.
534 2470 563 2530 2,
582 2469 614 2517 81
637 2468 749 2518 classem
771 2467 932 2532 adpugnare
950 2470 978 2525 4,
996 2467 1030 2517 48

79 2530 149 2584 ultra
164 2537 372 2600 adpugnarent,
392 2537 436 2594 15,
455 2537 487 2585 13
505 2535 583 2585 modo
601 2535 705 2586 uallum
727 2535 806 2585 modo
824 2533 966 2584 castellum
985 2534 1031 2583 ed-

78 2604 194 2666 ntgnera)
211 2603 248 2652 ad
260 2602 437 2667 pugnandum
452 2602 521 2653 εΠΡ
530 2602 565 2652 ad
579 2603 791 2668 oppugnandum
805 2601 823 2653 d
875 2603 890 2652 5
903 2601 989 2652 hostii
997 2630 1030 2638 —
1114 2641 1115 2646 ,

78 2669 200 2722 ueneritd
262 2669 430 2733 9portetll
488 2668 642 2734 monoxylis
652 2670 735 2732 nMQ
748 2669 894 2720 monoxilil
903 2667 1026 2721 dmono·

79 2729 154 2792 lylilrl
168 2735 313 2788 monosilis
323 2737 345 2786 G
359 2736 496 2799 monxylis
509 2739 534 2787 L
559 2743 574 2764 ⁹
588 2738 618 2786 11
638 2737 781 2802 equitibus
790 2736 851 2789 top
919 2740 950 2787 12
968 2739 1031 2787 har-

20 2813 21 2832 1
82 2806 189 2864 lagonas
197 2807 293 2868 scripsi
304 2821 340 2854 ea·
352 2805 513 2868 arpationas
522 2803 549 2854 α’
569 2805 732 2869 erpotionei
741 2805 763 2854 d
776 2805 933 2871 erpagooei
941 2819 963 2854 π

19 2871 21 2898 ³
79 2866 182 2938 13[et]‹t
218 2867 497 2937 15rutra]ranradn
531 2872 699 2938 porteturll
733 2874 764 2922 16
775 2869 873 2938 serres]
886 2871 994 2922 ferreas
1001 2870 1029 2921 Π

105 2940 130 2988 tt
145 2938 279 2990 materies
292 2936 322 2988 π’
340 2940 458 2989 materie.
475 2955 488 2990 ε
505 2939 638 2990 materias
651 2941 676 2989 P
723 2941 754 2990 18
774 2938 974 3006 expugnandas
988 2938 1033 2990 dP
1125 3003 1127 3006 Ι

129 3009 157 3058 19
176 3001 286 3071 uineas]
304 3006 401 3055 uineas
415 3005 525 3057 iaciunt
542 3007 659 3071 (fatiunt
674 3005 709 3072 V)
723 3005 767 3057 ot>
845 3010 878 3058 20
896 3007 1031 3061 faciente

128 3077 159 3126 20
177 3071 287 3140 lingula
300 3070 402 3139 enum]
418 3089 437 3123 ot
454 3074 561 3140 lingula
578 3073 747 3126 numerando
764 3073 794 3124 Π
810 3075 918 3142 singula
936 3091 1030 3128 nume·

81 3140 146 3192 raudo
159 3140 201 3202 aQ
214 3139 316 3206 singuli
329 3141 513 3192 enumerando
526 3143 551 3192 11

80 3270 265 3286 X—--

93 3356 112 3407 S.
124 3363 153 3410 L.
205 3355 476 3426 6uallnm]ballum
489 3358 517 3411 α’
583 3360 741 3411 ‘tironibus
751 3363 787 3414 M
837 3357 1028 3411 excabetasu'

19 3485 20 3490 ,
115 3425 303 3478 91111εωεπ’
379 3428 409 3477 11
429 3430 555 3494 equitatu
569 3425 966 3495 nne]-onneA-ornnem

81 3489 101 3539 15
115 3495 205 3546 albeol
213 3492 242 3544 α’
313 3497 344 3545 18
361 3494 564 3561 oppugnandas
572 3495 603 3546 Π
671 3497 702 3546 19
721 3489 835 3560 arietes]
851 3492 939 3542 aritel
948 3490 976 3540 α’

82 3558 102 3607 ¹9
116 3562 255 3630 appellent
266 3561 365 3627 turres]
382 3563 559 3628 appellantur
570 3562 616 3612 res
626 3578 639 3613 ε
708 3564 740 3610 22
759 3559 966 3610 neccessarian
