2500 4034
315 245 479 296 Praefatio.
516 243 646 315 Codicum
664 257 807 294 recensus.
977 259 1051 307 xxv

37 439 152 497 pennae
173 421 411 494 probationem
433 418 500 474 ‘doc
520 417 594 473 libro
614 399 741 488 iippcId⁹
755 401 867 475 decan⁹
882 424 975 476 maior
989 426 1049 477 stn-

38 510 117 579 duit’‚
130 509 278 565 saeculo
297 519 408 574 nempe
423 505 602 564 recentiore·
614 503 811 576 [repnentum
828 508 968 562 orationis
979 523 1049 561 oon·

39 601 165 652 siconem
178 590 451 658 notisodscriptis
461 603 517 659 pro
528 587 762 658 partesoec.XI.
770 591 1051 646 incunteexaratum

38 699 89 736 non
98 679 188 752 facit
205 678 255 732 ad
269 689 339 729 rem
351 679 493 728 nostram.
516 671 580 728 noi.
595 671 648 758 ¹¹⁴:
662 669 783 743 ‘Incipit
794 673 914 730 historin
926 691 1049 730 romanu

807 765 863 798 ..ss-

1 867 2 874 ,
39 818 174 887 eutropii
196 811 335 886 pentiiis
358 823 450 880 usque
465 808 506 862 ud
519 807 625 867 obitum
644 811 756 864 iouiuni
774 811 911 880 impio-is
931 813 980 866 cui
993 811 1048 868 aii-

40 921 96 974 quo
115 901 254 972 pardus
279 893 481 966 aquilegiensis
501 893 643 948 diaconus
662 893 769 948 addidit
789 902 893 968 rapoto
914 895 1049 967 adelper-

39 1003 92 1058 poc
111 987 368 1041 beneventanae
389 978 529 1034 ductricis
543 977 645 1033 deinde
659 979 733 1034 idem
747 980 855 1050 paulus
870 995 910 1036 cx
924 981 1052 1037 diuersis

41 1070 235 1128 auctoribus
260 1063 406 1135 coiiipens
422 1079 439 1117 a
456 1061 653 1134 ualentiniuni
666 1064 785 1134 imperio
800 1067 943 1136 incipiens
958 1080 1050 1138 usque

41 1160 80 1214 od
110 1163 270 1226 tempora
304 1148 456 1203 iustiniani
462 1171 471 1208 ‚·
512 1159 595 1216 quem
626 1146 778 1218 landolfus
807 1164 903 1222 sapas
931 1156 1051 1207 secutus

41 1246 134 1312 plura
161 1244 196 1294 et
229 1237 302 1306 ipsc
329 1247 370 1288 ex
394 1232 519 1288 diuersis
542 1232 715 1288 auctoribus
741 1234 878 1306 cotiipens
898 1237 927 1291 in
950 1235 1049 1290 eadem

43 1327 177 1382 historia
202 1318 327 1376 addidit
343 1321 372 1372 et
388 1316 530 1387 perduxit
550 1330 613 1371 eum
628 1331 720 1390 usque
736 1317 775 1374 od
794 1321 944 1390 imperium
957 1321 1051 1374 iconis

1 1493 2 1500 κ
46 1462 126 1534 quood
147 1463 201 1514 est
228 1467 332 1508 annus
346 1451 507 1506 dominicae
528 1453 742 1507 incarnationis
756 1449 856 1508 DCCC
863 1451 904 1508 VI
916 1455 943 1509 in
960 1411 1047 1510 ὁπ’-ἐμ.

351 1545 407 1574 -ss..

55 1596 124 1652 ΠΙ.
175 1590 300 1660 Incipit
333 1587 373 1642 lib
413 1565 506 1657 prim⁹
544 1586 686 1643 historiae
723 1603 863 1644 romanae
895 1586 1046 1658 feliciter'.

49 1679 262 1750 Subiunyitur
284 1674 376 1727 series
395 1672 605 1741 imperatorum
619 1669 783 1744 adcessere
805 1673 844 1728 od
859 1673 1001 1730 Basilium
1020 1681 1048 1732 et

51 1762 294 1822 Constantinum
310 1759 422 1827 scripto
439 1756 476 1812 ab
487 1757 589 1814 aarum
602 1758 727 1829 aequali,
745 1763 776 1812 ut
791 1757 914 1826 uidetur,
931 1760 1049 1822 sedulo,-

52 1852 210 1906 odnotata
234 1849 306 1900 sunt
333 1852 490 1914 reynerum
514 1843 611 1912 spotia
637 1855 693 1896 nec
718 1857 775 1898 non
800 1857 910 1897 summo
938 1858 1046 1907 eorum,

53 1949 135 2008 quae
159 1931 209 1986 ad
231 1943 294 1982 rem
315 1927 506 1982 christianam
527 1929 687 1996 pertinent.
721 1925 785 1980 Foi.
802 1924 863 1983 305
887 1923 1048 2001 ‘dupustue

54 2029 262 2075 romanorum
284 2027 362 2084 quae
388 2011 655 2080 constantinopolim
679 2009 904 2082 reposuerum’.
949 2011 1049 2069 Series

55 2105 165 2173 incipit
180 2099 222 2156 ab
236 2095 363 2152 ‘Fausto
376 2111 455 2151 uuor
467 2097 643 2152 constantini
652 2098 750 2167 mapni
759 2095 860 2152 detenc
870 2094 946 2168 fitii’,
955 2099 1047 2158 desim.

56 2188 216 2243 ‘Eudocia
232 2197 312 2238 uuor
326 2178 518 2236 michahelis&
553 2179 617 2236 Fal.
629 2178 796 2236 306-359
812 2185 976 2238 continetur
995 2183 1047 2240 Vc·

57 2274 134 2346 petii
157 2270 300 2341 epitoma.
345 2265 500 2320 Execratus
527 2271 570 2320 cst
595 2266 690 2320 codes:
710 2281 729 2319 a
750 2265 923 2335 christiano,
950 2273 981 2326 nt
1007 2282 1049 2332 en

58 2359 197 2413 lectione
213 2353 303 2408 uaria
320 2351 349 2404 in
364 2349 533 2420 quidusdam
546 2351 620 2405 loeis
633 2351 794 2422 callipitur5
806 2353 834 2406 in
848 2353 979 2422 morpine
994 2367 1047 2407 nea

61 2458 124 2498 non
141 2443 226 2494 inter
245 2437 341 2492 lineos
356 2441 502 2505 opponent
521 2434 650 2506 ptossae,
673 2449 749 2505 quos
764 2437 857 2505 parui
875 2434 953 2506 fect}
979 2441 1048 2493 sunt

62 2531 167 2581 cutem
181 2521 309 2578 eiusdem
319 2534 423 2574 manas
432 2517 686 2592 Lonpabordicaes
697 2520 786 2576 cidem
797 2519 932 2575 debemus
942 2521 1049 2576 multas

65 2616 96 2666 in
118 2612 211 2664 textu
233 2605 443 2672 correctiones,
464 2617 540 2676 quae
559 2606 588 2659 in
605 2610 717 2675 tempus
731 2609 885 2676 antequam
900 2603 1050 2663 Henricus

64 2697 115 2750 dle
137 2695 219 2748 uenit
234 2689 344 2745 cadoni
359 2700 477 2744 necesse
492 2694 544 2744 est.
588 2687 695 2744 Plures
713 2691 949 2772 insuntmanus,
971 2707 1050 2764 quos

66 2777 198 2849 disparia
223 2775 399 2846 distinpuam
425 2776 569 2828 namium
588 2775 684 2844 primu
703 2779 769 2844 post
788 2775 899 2844 finitum
918 2776 1047 2831 laborem

68 2864 242 2934 complures
259 2860 339 2914 locos
355 2859 521 2914 emendasse
542 2858 672 2926 uidetur,
694 2860 760 2914 aliis
773 2861 845 2914 iocis
859 2868 988 2930 apparet
1003 2863 1046 2917 oi·

70 2955 137 3002 tero
152 2958 276 3008 mansu,
296 2943 363 3000 aliis
378 2944 474 2998 tertia.
508 2942 622 2998 Indicio
638 2944 780 3015 quaedam
795 2943 898 3000 docent
913 2945 991 3002 dunc
1008 2961 1049 3004 ex

71 3032 174 3088 codice
195 3027 413 3102 Lampadas-dice
433 3029 544 3099 scripto
565 3043 710 3084 manasse.
753 3027 839 3083 Libro
862 3035 993 3088 extremo
1009 3027 1048 3107 (f.

71 3115 133 3172 359
151 3110 192 3188 r.)
215 3113 325 3170 adieuit
346 3115 493 3169 recentior
513 3114 655 3184 quaedam
675 3128 778 3170 monus
799 3107 842 3187 (in
863 3117 980 3172 sinistra
995 3133 1046 3174 co-

71 3197 200 3265 iumnoi:
234 3191 333 3268 explic
362 3199 416 3252 istc
439 3192 502 3258 iio&-
535 3197 575 3252 ad
598 3198 718 3252 eandem
747 3214 861 3254 manum
886 3200 1046 3272 reserenda

74 3287 214 3340 uidentur
232 3297 307 3356 quoe
327 3285 358 3338 in
378 3282 503 3338 eiusdem
522 3284 649 3354 popinae
669 3297 768 3340 uacuo
789 3283 896 3339 deutra
912 3285 1046 3339 columna

72 3371 228 3442 lepuntur:
251 3365 334 3434 ‘Oscis
348 3367 420 3422 deus
431 3382 553 3439 mapnus
568 3369 642 3423 sicut
657 3367 728 3436 deus
742 3372 841 3424 noster
858 3359 864 3442 Ι
882 3373 915 3422 tu
930 3380 961 3420 cs
976 3367 1049 3422 deus
1085 3373 1090 3390 ·’

73 3457 124 3525 qui
139 3453 222 3526 sacis
234 3452 381 3507 mirabilia
401 3445 405 3527 ἱ
424 3449 524 3506 solus)

162 3537 243 3606 Quae
258 3537 293 3592 de
304 3535 440 3592 Palatino
457 3533 517 3592 909
529 3538 650 3606 protuli,
669 3541 773 3591 cuncto
789 3549 829 3590 ex
844 3533 957 3590 schedis
972 3548 1047 3589 sum·
