2520 4044
220 234 280 299 126

287 393 361 448 XVll.
384 393 420 449 De
437 392 558 450 turribus
573 389 768 448 ambulatoriis.
1248 441 1249 468 ,

278 477 364 534 XVlll.
387 477 616 546 Quemadmodum
632 474 811 532 ambulatoria
827 476 911 531 turris
927 474 1017 550 possit
1033 477 1164 536 incendi.
1248 511 1249 516 κ

268 561 367 619 XVllll.
390 561 620 631 Quemadmodum
636 560 750 616 altitudo
766 559 852 616 muris
869 560 991 617 addatur.

308 647 361 704 XX.
385 647 444 716 Quo
460 655 540 722 pacto
556 644 718 703 suffodiatur
733 652 807 702 terra
823 653 853 700 ut
868 646 991 702 machina
1006 661 1114 704 nocere
1128 649 1249 705 nihil

427 734 524 806 possit.

298 816 362 872 XXl
385 816 421 871 be
437 817 528 887 scalis,
544 814 680 886 sambuca,
698 821 805 870 exostra
821 821 848 869 et
864 813 1014 870 tollenone

288 900 363 955 XXll.
388 900 423 955 lie
444 900 578 971 ballistis,
606 900 732 972 onagris,
759 899 967 972 scorpionibus,
991 899 1218 974 arcuballistis,

425 983 579 1056 fustibalis,
601 983 710 1054 fundis,
734 998 782 1057 per
797 999 867 1057 quiae
883 991 1017 1039 tormenta
1033 984 1249 1044 defenditur
1248 1021 1249 1090 p

426 1085 529 1125 murus.
670 1114 674 1121 .

179 1167 203 1207 ro
276 1152 362 1208 XXlll.
385 1152 537 1209 aduersum
563 1153 662 1209 arietes
688 1160 804 1226 prosunt
826 1151 955 1223 culcitas,
982 1150 1093 1228 laquei,
1123 1155 1249 1231 lupi,
1248 1075 1249 1194 i

425 1237 566 1294 columnae
582 1235 734 1311 grauiores.

261 1321 359 1378 XXllll.
381 1323 416 1378 lie
432 1320 574 1394 cuniculis,
590 1339 640 1395 per
654 1337 725 1396 quos
740 1327 787 1376 aut
802 1337 897 1377 murus
909 1321 1048 1378 defoditur
1059 1330 1110 1378 aut
1125 1327 1214 1382 ciui·
1248 1383 1249 1392 ,

427 1414 466 1463 tas
482 1414 650 1482 penetratur.
1248 1453 1249 1460 ,

283 1491 356 1546 XXV.
380 1491 451 1560 Quid
470 1491 558 1549 facere
574 1490 689 1548 debeant
710 1489 854 1564 oppidani,
877 1491 901 1546 si
917 1491 1011 1547 hostes
1029 1491 1211 1566 inruperint
1248 1499 1249 1558 ἶ

179 1587 203 1626 15
426 1575 575 1631 ciuitatem.

273 1659 359 1715 XXVl.
383 1659 456 1728 Quae
472 1661 508 1715 sit
524 1658 673 1716 adhibenda
689 1658 811 1730 cautela,
833 1676 867 1715 ne
883 1659 978 1716 hostes
994 1658 1089 1716 furtim
1107 1678 1209 1722 occu·

425 1752 490 1818 pent
508 1761 624 1800 murum.

261 1828 359 1884 XXVll.
384 1827 496 1896 Quando
512 1829 655 1902 oppidanis
672 1829 823 1885 inferantur
837 1829 960 1884 insidiae.

250 1912 357 1968 XXXlll.
382 1912 452 1980 Quid
472 1912 570 1968 faciant
591 1911 766 1984 obsidentes,
787 1929 822 1970 ne
838 1913 870 1969 ab
887 1913 1029 1987 opprdams
1045 1915 1205 1987 patrantur
1248 1929 1249 1992 ᾗ

176 1990 202 2030 ²⁰
425 1996 545 2052 iusidias.

238 2079 358 2137 XXVllll.
383 2081 442 2150 Quo
458 2097 559 2156 genere
577 2089 774 2139 tormentorum
791 2080 887 2138 ciuitas
902 2054 1074 2138 defendatur.

281 2165 359 2221 XXX.
382 2163 612 2232 Quemadmodum
628 2182 754 2223 mensura
771 2165 918 2239 colligatur
931 2165 963 2222 ad
974 2167 1059 2224 scalas
1071 2168 1119 2226 uel
1134 2187 1201 2230 ma-

426 2251 519 2307 chinas
536 2251 681 2307 faciendas.

270 2333 357 2390 XXXl.
381 2335 526 2410 Praecepta
542 2336 606 2393 belli
622 2334 726 2392 naualis

175 2431 200 2469 25
262 2419 359 2476 XXXll.
382 2421 494 2477 Nomina
513 2421 642 2492 iudicum,
658 2423 704 2495 qni
720 2427 864 2494 praeerant
880 2419 970 2477 classi.

247 2505 358 2560 XXXfll.
383 2505 456 2561 Vnde
472 2505 644 2580 appellentur
660 2504 800 2560 liburnae.

235 2588 355 2644 XXXllll.
380 2587 437 2655 Qua
452 2589 592 2662 diligentia
609 2587 775 2645 fabricentur
790 2588 932 2644 Liburnae.

261 2670 359 2727 XXXV.
383 2672 440 2740 Qua
456 2673 649 2729 obseruatione
666 2675 702 2729 sit
717 2673 850 2730 caedenda
865 2675 1002 2730 materies.

249 2756 358 2813 XXXVI.
382 2754 441 2823 Quo
458 2773 550 2814 mense
565 2757 717 2815 caedendae
733 2759 788 2813 siut
805 2757 902 2818 trabes.

175 2853 200 2893 ao
238 2840 360 2912 XXXVll.
383 2841 418 2898 ne
435 2842 515 2898 modo
531 2841 718 2900 liburnarum.

224 2925 355 2983 XXXVlll.
379 2925 491 2984 Nomina
507 2935 652 2984 uentorum
669 2935 695 2983 et
711 2943 850 2983 numerus.
882 2947 886 2956 ·

214 3041 411 3052 »—

263 3093 279 3140 6
298 3089 462 3142 tollenoned
473 3088 838 3142 tolenonthollennoneA'
841 3089 923 3154 L(fn'c
933 3108 993 3143 corr
995 3091 1013 3156 .)
1023 3091 1153 3145 beleuone
1162 3097 1189 3145 P
1248 3097 1249 3102 ’

281 3159 313 3207 10
331 3157 469 3209 Aduersus
477 3159 506 3210 Π
553 3162 582 3210 12
588 3155 751 3225 defodrfur]
768 3158 914 3224 deponitur
927 3159 980 3210 ΠΟ
1027 3161 1060 3212 14
1079 3163 1185 3228 oppida
1248 3155 1249 3158 ¹

212 3223 325 3276 nifiAP
374 3227 406 3275 14
425 3225 539 3278 hoftrfA
588 3219 834 3294 141rruper1ntH
879 3230 910 3278 17
928 3229 1032 3279 murrA
1086 3231 1117 3280 18
1136 3247 1184 3286 oar

212 3294 242 3358 P,
257 3293 377 3344 librarius
388 3297 492 3345 autem
483 3310 538 3360 epse
551 3297 577 3345 ia
589 3297 702 3360 margine
715 3296 824 3344 addidit.
875 3298 908 3347 18
927 3296 1067 3360 Quomodo
1083 3295 1111 3348 H
1115 3299 1147 3364 P

213 3363 244 3411 19
258 3361 405 3414 fuoruntll
440 3359 885 3425 22Quemammodumflitembis
895 3371 987 3430 postea
1022 3367 1055 3416 24
1070 3329 1182 3430 [XXXI
1248 3401 1249 3408 .

211 3429 357 3497 -XLVI.]
371 3432 419 3481 sed
429 3437 483 3482 tres
495 3433 576 3482 lineas
588 3447 682 3482 utronno
694 3433 798 3482 relictas
810 3431 885 3482 dubet
895 3381 921 3480 b
957 3435 990 3485 25
1007 3431 1140 3484 iudicium
1154 3433 1183 3484 Π

257 3500 289 3549 25
308 3497 439 3550 classibus
447 3499 472 3548 P
521 3501 554 3549 26
573 3498 750 3589 appellantur
762 3499 982 3566 hPepellanbur
995 3518 1013 3552 α
1068 3502 1102 3558 29
1120 3500 1181 3554 sunt

211 3564 262 3614 LP
314 3568 347 3616 30
364 3565 592 3618 Liburnorumrf
651 3570 682 3618 31
702 3568 830 3619 numeros
838 3570 861 3619 Α
