2520 4044
468 210 529 260 ιιι.
548 210 605 269 ιιι,
624 213 664 260 ιι.
1005 209 1046 272 93

82 381 131 437 pus
143 372 198 431 cst,
215 381 275 442 quo
287 369 369 422 tauto
380 363 476 440 magis
486 362 577 424 duces
589 361 700 424 debent
712 381 775 424 esse
789 364 916 434 solliciti,
933 373 1045 443 quanto

81 449 166 508 maior
195 456 335 527 speratur
361 446 554 525 diligentibus
577 447 672 525 gloria
699 457 729 510 et
754 450 852 510 maius
878 448 1044 527 periculum

80 534 233 594 comitatur
257 535 397 611 ignauos,
421 533 453 592 iu
478 550 536 612 quo
558 543 709 594 momento
729 535 856 613 peritiae
875 551 961 604 usus,
988 553 1043 613 pu·

79 617 182 691 ouandi
198 617 334 679 doctriua
350 616 566 697 consiliumque
580 617 760 680 dominatur.
804 618 960 679 veteribus
975 637 1039 680 sac·

79 701 145 762 cutia
170 721 237 764 mos
263 703 320 763 fuit
346 719 441 782 parco
465 701 535 762 cibo
558 712 680 763 curatos
704 702 812 763 milites
833 703 871 764 ad
892 713 1067 764 certorueuo

81 786 212 858 volucer-c,
229 796 263 848 ut
279 785 454 848 audaciores
464 795 600 866 sumptus
610 803 697 850 escae
711 788 853 848 redderet
865 797 894 848 ct
909 787 1043 865 longiore

80 871 211 933 condictu
235 889 296 933 nou
321 873 518 950 latigareotsr
540 873 648 934 inedia.
695 871 853 935 Praeterea
878 872 1043 934 obseruau-

80 959 144 1016 dum
157 965 204 1018 est
218 956 428 1036 praesentibus
444 953 586 1026 hostibus,
603 959 668 1019 stuc
680 975 715 1018 cx
728 961 832 1020 castris
845 961 910 1020 siue
922 975 957 1019 ex
970 959 1042 1020 ciui·

79 1049 130 1100 tate
145 1042 296 1120 producas
311 1041 351 1101 ad
364 1041 522 1120 proelium,
539 1061 586 1111 ue,
604 1042 675 1104 dum
686 1059 741 1124 per
752 1055 875 1123 augusta
887 1051 1041 1123 portarum

38 1125 40 1140 '
79 1127 273 1200 iardculctim
291 1126 430 1206 procedit
450 1129 613 1197 exercitus,
635 1147 650 1188 a
668 1128 799 1190 collectis
815 1137 845 1190 et
863 1130 975 1208 paratis
991 1127 1042 1188 dc·
1058 1145 1081 1178 w

80 1210 205 1274 bditctur
234 1212 377 1272 inimicis
419 1210 551 1291 ideoqus¹
579 1212 797 1292 prouidendum
825 1221 885 1282 cst,
917 1221 949 1273 ut
974 1219 1042 1272 aute

79 1313 177 1358 omues
203 1296 315 1358 milites
339 1296 533 1378 egrediantur
562 1305 664 1376 portas
690 1306 719 1358 et
739 1299 836 1360 aciem
857 1305 1041 1364 construant,

79 1397 160 1458 quam
179 1381 275 1442 lrostm
297 1381 447 1442 adueniat
492 1380 576 1452 Quod
593 1385 618 1443 st
633 1385 712 1443 iutra
727 1383 880 1443 ciuitatem
896 1382 1042 1442 manenti·

79 1465 130 1526 tm
148 1476 270 1546 paratus
292 1466 462 1534 edocuerit,
484 1475 537 1527 eut
555 1467 710 1528 differatur
731 1483 868 1546 egressus
890 1476 939 1528 aut
960 1475 1041 1528 certo

81 1550 293 1620 dissimuletur,
321 1557 368 1622 ut,
391 1567 458 1611 curu
474 1551 638 1612 aduersarii
657 1552 800 1614 insultare
815 1553 971 1632 coeperint
986 1551 1040 1621 liis,
1058 1559 1080 1594 ι’)

80 1653 149 1709 ‹tuos
168 1651 228 1698 nort
249 1643 355 1716 putaui
378 1637 524 1713 cx'ffurm,
546 1653 615 1698 cum
636 1638 671 1698 ad
693 1637 834 1719 praedam
850 1645 900 1699 aut
915 1637 1041 1700 redeuu-

79 1720 145 1782 dum
165 1722 374 1784 conuerterint
388 1723 532 1791 animum,
555 1741 623 1783 curu
645 1723 766 1784 ordines
787 1721 945 1789 soluerint,
972 1731 1040 1782 tunc

80 1803 132 1867 illis
152 1805 343 1886 supernatus
364 1805 518 1867 lectissimi
534 1809 643 1886 quique
658 1814 857 1887 prorumpant
871 1815 901 1868 ct
916 1808 1040 1868 conlecti

81 1891 287 1968 adgrediamur
301 1893 428 1969 ignaros.
462 1889 649 1954 Obseruotur
663 1902 771 1961 autem,
788 1912 826 1955 ue
841 1892 930 1971 longo
946 1893 1041 1971 erratio

81 1974 226 2054 turgotum
243 1975 367 2036 militem
384 1993 459 2037 neue
474 1975 568 2038 lassos·
580 1985 647 2056 post
657 1991 776 2040 cursum
789 1995 883 2056 equos
895 1977 929 2038 ad
942 1975 1040 2056 publi·
1054 1993 1079 2026 cc

79 2081 140 2121 cum
160 2060 308 2141 proelium
325 2077 428 2139 cogasc
452 2061 577 2122 multum
595 2065 704 2123 uirium
726 2061 828 2124 labore
849 2064 966 2123 itineris
982 2079 1036 2140 pu·

242 2191 277 2198 0-

94 2249 122 2298 V.
135 2250 166 2297 11.
212 2253 224 2298 1
239 2260 292 2312 quo
306 2252 385 2297 tauto
395 2249 465 2310 ΑμΡ
475 2245 528 2312 qud
539 2262 592 2312 quo
604 2247 632 2299 ll
644 2255 748 2312 quanto
759 2247 800 2299 dd
841 2251 853 2299 l
870 2243 997 2315 [quanto]
1013 2245 1040 2294 ll

141 2313 273 2380 drusius]
293 2314 384 2379 magii
397 2314 462 2376 μδΡ
529 2319 545 2366 3
564 2313 723 2383 comitatur]
742 2315 887 2380 consurget
903 2316 932 2364 in
944 2314 975 2364 Π

78 2387 92 2432 4
110 2381 250 2450 [lecculil]
262 2383 288 2432 P
354 2387 370 2434 6
387 2381 526 2448 sumpturo
545 2383 604 2449 esce
618 2383 639 2445 Q
656 2383 778 2449 sumptus
792 2383 851 2448 olco
868 2381 929 2440 (scd
940 2397 955 2432 e
968 2383 1039 2445 prius

79 2455 159 2518 om
175 2453 305 2516 meterius
320 2467 374 2500 curu
389 2451 550 2516 sequentibus
566 2452 662 2503 duodus
678 2455 772 2502 litteris
788 2463 816 2502 re
830 2467 846 2500 α
858 2453 873 2500 2
886 2453 911 2500 lo
924 2452 938 2501 l.
953 2447 1002 2511 er.)
1017 2451 1039 2498 h

79 2520 180 2586 sumpta
190 2519 254 2570 alce
266 2531 288 2568 rt
300 2517 405 2583 sumptu
419 2519 510 2584 alcea
523 2518 628 2586 sirmptu
640 2521 719 2570 casce
730 2522 766 2572 M
775 2518 880 2584 sumptu
923 2517 1007 2582 aeica,
1020 2517 1040 2566 G

78 2590 131 2638 iride
142 2606 174 2638 ne
184 2587 344 2638 scribendum
355 2588 390 2636 sit
401 2586 507 2652 sumptu
521 2586 599 2637 escae
613 2587 789 2639 redderentur
801 2584 829 2636 Π
894 2590 925 2638 13
945 2581 1037 2651 quam]

78 2661 218 2721 autequam
234 2653 249 2704 ι
313 2649 358 2720 [li]
374 2652 402 2703 α’
464 2656 496 2704 14
513 2655 630 2719 paratus
637 2657 703 2721 μιιθ
716 2655 821 2722 puratis
831 2653 860 2720 (a
872 2654 888 2705 2
902 2653 1002 2716 ser-ae.)
1018 2657 1038 2704 Α

78 2723 268 2788 impacatisque
281 2723 436 2772 Korttioous
447 2725 465 2772 ι
475 2723 630 2773 Steweclrius
706 2727 737 2775 15
755 2721 897 2788 insultare]
915 2719 982 2772 nrt
996 2723 1039 2771 in·
1223 2765 1224 2783 ,

79 2791 156 2841 lulari
168 2790 197 2841 α’
211 2789 301 2840 insula
315 2788 340 2840 le
356 2791 377 2840 G
389 2791 513 2840 exultare
528 2790 545 2839 d
614 2790 646 2839 16
666 2799 714 2841 aut
727 2791 762 2841 cd
775 2790 941 2841 redeundum
954 2787 984 2840 π’
1213 2791 1223 2851 'l

79 2863 106 2909 ti
124 2871 183 2909 cum
196 2855 268 2925 ord]
284 2861 312 2907 et
325 2874 349 2907 o.
364 2856 378 2906 ι
449 2860 479 2908 18
498 2854 645 2922 lectissimi]
662 2856 807 2910 doctiffimi
821 2858 849 2908 Π
917 2861 950 2908 20
969 2871 1038 2907 ncuc
1220 2851 1222 2864 ⁴

77 2927 154 2978 laffol
164 2926 228 2977 due
242 2927 289 2976 uel
301 2925 385 2976 lassos
394 2929 433 2977 eP
443 2940 514 2976 neue
526 2923 617 2990 lapsos
625 2926 653 2975 Π

93 3079 117 3128 S.
131 3080 162 3129 L.
216 3081 232 3128 2
250 3075 386 3144 speratur]
400 3077 523 3143 sperator
536 3080 566 3142 A,
621 3082 636 3130 3
650 3077 890 3197 ignauolhiguom
906 3079 929 3128 Α
944 3079 1037 3144 ignati.

78 3147 108 3196 Μ
119 3146 278 3213 (ignauibul
286 3144 312 3210 ι)
391 3147 580 3211 3periciaeu
659 3147 755 3198 beiuo
873 3143 1036 3210 deducere}

77 3215 202 3266 educeret
215 3209 246 3264 it
312 3216 328 3264 6
346 3209 521 3279 audaciores]
535 3219 585 3262 aut
597 3215 704 3266 actores
715 3215 743 3266 Π
811 3219 825 3267 i
845 3215 956 3265 incedia
969 3213 1038 3278 (img-

76 3281 120 3332 dis
131 3285 154 3332 A
165 3283 278 3347 inediae
291 3278 322 3346 Q)
336 3297 349 3332 ε
427 3285 459 3332 10
478 3279 638 3331 deuilitetur
650 3281 678 3331 Π
752 3285 782 3334 13
801 3279 895 3346 licitis]
910 3278 1000 3328 hostes
1010 3279 1037 3328 α’

124 3353 155 3400 13
172 3345 258 3416 intra]
274 3349 389 3399 introii
458 3352 489 3398 14
508 3347 824 3417 differatur]dillerat,l
891 3351 921 3396 15
940 3361 1037 3408 coepe-

78 3413 141 3484 rint]
155 3418 280 3484 cepcrint
293 3417 322 3467 Π
401 3417 432 3466 1o
451 3411 582 3482 exituros]
597 3418 749 3483 exigdturos
758 3416 786 3466 it
877 3415 909 3462 18
928 3411 1039 3462 tectisu-

79 3484 154 3536 misr
236 3489 268 3535 19
286 3480 495 3550 adgrediamur]
514 3485 674 3550 adgreditur
687 3486 720 3536 M
733 3481 931 3548 aggrediantur
944 3477 972 3526 Π

78 3554 105 3600 ιι
123 3549 303 3619 puguaturus]
319 3553 362 3602 os
371 3554 402 3615 A,
