2500 4034
501 247 654 300 Praefatio.
996 267 1062 316 ¹111

86 409 161 461 intra
183 403 331 476 africam,
354 401 455 462 ‘turio’
475 433 512 446 -
530 409 660 464 centurio
675 413 746 469 etc.,·
767 403 905 464 similiter·
917 405 1061 482 ‘prolixa’

89 520 121 530 -
136 489 321 563 prolixiora)
327 515 336 554 ‚-
358 489 386 563 y)
399 489 575 564 frequenter
600 494 714 564 sinquio
736 492 783 550 uei
800 495 891 563 ptura
913 497 1059 554 uooobnm

86 573 120 644 (e.
134 593 162 649 q.
186 568 381 652 [altissimae]
396 578 626 650 latissimeque,
650 570 782 652 [iterum]
797 581 970 652 itermnque,
995 573 1061 656 [aut

85 662 213 731 ineptum
230 653 382 736 uideatur]
401 669 452 716 aut
467 659 593 732 lonqum)
601 683 610 723 ,·
638 657 668 733 d>
683 676 893 734 saepenumero
908 671 968 720 toto
985 681 1060 721 eom-

85 751 162 800 mata
178 743 235 816 (cf.
247 751 376 815 praeter
390 759 437 813 eo,
454 760 531 818 quoe
546 760 637 816 supra
654 750 948 818 commemoramus,
963 765 993 820 p.
1004 749 1056 820 41,

88 827 135 901 17,
146 847 180 902 p.
202 827 283 900 119,
303 829 363 902 11).
407 827 438 899 4)
461 831 540 903 quod
552 832 694 888 interdum
708 833 853 888 meacula
869 833 917 889 uei
932 834 1062 906 syitaias

85 917 173 971 iterat
195 913 252 986 (cs.
275 913 396 987 ‘facie
416 911 960 990 faciebant’p.159,.2,.lonqitudinio
981 915 1061 974 ‘ad-

85 999 118 1053 di
122 1003 180 1056 nis
195 999 330 1056 additur’
345 1017 376 1070 p.
390 997 441 1070 81,
454 997 506 1070 23,
523 999 649 1056 ‘marti
662 1001 776 1057 martis’
791 1017 821 1072 p.
834 999 886 1072 92,
897 1001 959 1074 20).
982 1003 1061 1060 Hinc

86 1085 277 1156 repetendum
294 1087 380 1140 etiam
395 1081 529 1142 ‘denote’
546 1102 579 1156 p.
596 1083 664 1154 127,
683 1083 722 1140 21
738 1105 781 1136 ==
796 1085 929 1144 ‘sanate’
946 1090 1061 1144 uidetur

95 1171 267 1243 i'eqetioqne
283 1167 397 1224 ‘notae'
413 1169 617 1228 uindicandum
624 1193 634 1234 ;
647 1186 715 1226 nam
730 1170 758 1226 Ν
768 1171 883 1228 litterae
893 1170 993 1242 formo
1006 1191 1058 1230 an·

87 1258 163 1328 tiqua
174 1257 320 1326 proxime
336 1255 376 1309 ad
389 1255 423 1310 H
434 1255 557 1310 aceedit.
662 1259 666 1266 ’

167 1339 305 1395 Rariora
321 1345 439 1396 sunt-ca
456 1345 572 1408 errato,
597 1341 726 1412 adquae
741 1347 793 1396 aut
808 1342 907 1396 mendo
923 1343 984 1397 ieui
999 1346 1060 1398 eins

88 1426 207 1494 codicis,
232 1423 484 1496 omdedescripsit
503 1439 599 1494 suum,
626 1430 677 1480 ont
697 1425 773 1480 mute
786 1425 906 1498 teqendo
921 1426 1061 1482 librarius

87 1511 199 1566 delatas
222 1515 265 1564 est
285 1508 323 1580 (e.
338 1527 366 1582 q.
381 1525 412 1582 p.
429 1508 465 1579 5,
481 1507 521 1564 22
542 1505 651 1566 ‘seuire
666 1506 696 1580 (i.
712 1524 738 1565 e.
754 1508 881 1580 saeuire)
892 1512 925 1566 in
947 1511 1060 1568 desides
1118 1547 1121 1554 ·

87 1592 278 1650 uindicando’
303 1596 459 1662 -·seuire
484 1596 513 1648 in
533 1594 645 1650 desides
666 1595 819 1651 uindicare
841 1623 878 1639 -·-
900 1610 1004 1652 seuere
1031 1599 1059 1652 in

87 1680 198 1736 mades
229 1677 398 1741 uindicare·
419 1695 449 1749 p.
475 1676 528 1748 12,
552 1676 591 1734 23
618 1677 691 1761 ‘ede'
716 1682 734 1734 i.
756 1694 782 1734 e.
804 1681 876 1736 aede
894 1709 929 1721 -
948 1682 1003 1736 ode
1021 1709 1058 1724 --

87 1763 162 1820 AoIe
180 1792 218 1802 -
234 1766 309 1832 acie,
328 1761 378 1833 95,
397 1762 455 1818 13.-
472 1760 600 1835 ‘capias’
615 1793 651 1802 -
666 1767 761 1835 captis
775 1793 810 1806 -
825 1759 959 1837 captee*)
981 1763 1058 1834 etc).

88 1849 270 1904 Embiemata
293 1863 406 1920 quoque
423 1851 532 1918 partim
547 1850 748 1904 interlinearia
759 1853 870 1920 partim
885 1851 1059 1922 marqinatia

87 1935 233 2006 quaedam
256 1935 390 2005 quamuis
407 1948 508 2004 pauca
527 1936 558 1988 in
582 1936 675 2004 ipsum
696 1934 850 1990 uerborum
870 1935 999 2004 ordinem
1018 1937 1060 1989 in-

88 2021 187 2088 seruit,
205 2032 309 2089 nempe
322 2019 378 2073 too.
404 2017 507 2092 Verqit.
523 2033 555 2088 p.
572 2017 643 2089 110,
656 2017 704 2086 22,
720 2035 751 2090 p.
765 2019 783 2075 7
788 2019 816 2089 6,
830 2018 848 2074 8
865 2014 1061 2076 ‘insidiatores

85 2107 115 2158 in
130 2104 189 2158 otio
203 2104 270 2158 ioco
283 2103 434 2173 inpulsam
449 2108 636 2159 transuersos
648 2102 823 2176 frequenter
836 2101 969 2160 incurso’
986 2101 1016 2173 (i.
1033 2117 1058 2158 e.

88 2185 271 2257 incursant),
299 2187 349 2242 ubi
368 2183 409 2242 ‘in
432 2189 489 2244 aiio
507 2189 570 2243 tooo
590 2185 751 2258 inpulsant'
772 2192 840 2261 quin
860 2191 1001 2262 qlossema
1022 2189 1063 2244 ad

87 2287 190 2328 uocem
203 2268 544 2342 pertinens‘ineursant'
560 2276 605 2342 sit,
622 2273 800 2330 uixdubium
813 2280 872 2334 est‚·
885 2275 970 2330 simili
980 2273 1060 2328 modo

87 2364 189 2412 natura
204 2357 321 2412 uidetur
335 2353 549 2428 ‘explicitos
564 2357 674 2413 uetitcs’
690 2375 721 2430 p.
739 2357 810 2428 100,
828 2357 877 2414 18.
898 2357 1059 2412 Praeterea

87 2431 305 2513 ὁμοιοτὲλευτα
330 2442 472 2514 quaedam
497 2439 549 2513 (cf.
573 2440 629 2512 78,
657 2441 706 2514 14)
731 2444 878 2513 multaque
903 2443 962 2498 atio
989 2443 1060 2498 uitio

88 2530 292 2598 inrepserunt,
319 2542 395 2599 quae
419 2525 460 2581 ad
481 2529 688 2600 neqieqentiom
713 2530 811 2584 solam
828 2527 945 2582 librarii
963 2526 1060 2584 redire

87 2613 169 2668 tzoad
178 2610 304 2683 difficile
314 2618 358 2667 est
368 2612 525 2668 intellectu.
556 2611 790 2685 oeneqoepmt,
804 2610 841 2667 12
858 2609 1059 2668 ‘barbaricae'

88 2693 274 2767 (barbaroti
290 2695 322 2767 a)
334 2697 548 2768 interpolatam
563 2699 601 2752 sit
615 2699 708 2766 tectio,
720 2711 797 2753 nuno
813 2699 925 2770 quidem
936 2697 1059 2754 indubio

89 2784 262 2854 relinquam.

175 2865 274 2922 Huius
300 2867 406 2922 classis
431 2869 567 2938 primarii
594 2871 681 2922 testes
708 2873 776 2923 sunt
797 2867 954 2924 Parisinus
977 2865 1059 2925 7230

90 2953 202 3007 saeculi
229 2951 334 3007 decimi
361 2953 486 3008 ineuntis
516 2948 569 3021 (-
589 2965 648 3006 sco.
680 2953 844 3025 saecloqum
869 2968 893 3008 s.
917 2955 988 3009 noni
1010 2951 1057 3022 --)

90 3038 172 3092 nobis
187 3036 211 3090 Α
227 3034 388 3091 Bemensis
400 3034 461 3092 208
476 3034 687 3108 Parisinusque
704 3035 786 3094 6503
801 3040 878 3093 iuter
892 3053 924 3093 se
938 3039 978 3094 nd
992 3054 1058 3095 ucr-

3 3161 4 3164 ,
91 3121 154 3176 bum
179 3119 248 3191 sere
269 3123 495 3190 consentientes,
522 3120 690 3192 quibuscum
711 3124 765 3177 etsi
790 3125 933 3179 artissime
955 3125 1059 3180 conae·

90 3213 133 3260 ret
148 3203 339 3260 Monacensis
351 3203 434 3262 6368
456 3206 581 3262 eiusdem
601 3208 708 3262 aetatis
728 3206 809 3263 nobis
823 3207 868 3277 M,
892 3215 1058 3264 tamennon

158 3417 182 3484 ³)
202 3420 247 3470 Ita
258 3420 374 3482 sortasse
385 3421 459 3470 etiam
472 3423 513 3482 49,
528 3423 541 3470 1
555 3423 700 3484 ‘reparari’
718 3437 753 3471 ea
766 3423 891 3484 ‘sperari’
904 3445 937 3454 -
949 3425 1059 3467 ceterum

89 3489 223 3551 praecedit
240 3491 316 3538 etiam
333 3491 482 3551 ‘reparato'
495 3516 527 3526 -
539 3495 621 3540 ortum
638 3494 691 3550 est,
709 3491 871 3552 poenitetque
889 3503 954 3536 nunc
971 3491 1058 3550 ‘repn-

89 3560 157 3606 rori’
169 3557 309 3620 recepisse.
685 3557 691 3566 '
