2520 4044
483 221 545 270 nu.
563 221 620 280 ur,
639 223 664 269 e.
1014 222 1055 285 19

74 369 154 430 obsit
176 371 339 439 euntibus,
368 390 406 430 ne
426 372 525 430 bieme
544 372 681 432 difficiles
702 383 754 431 ant
775 376 874 432 inuiae
894 389 1055 436 occurrant

75 453 207 532 paludes
230 456 421 532 maioresque
442 465 592 516 torrentes
606 459 749 535 impedito
765 460 874 516 itinere
888 463 1053 519 drcnmue·

72 542 175 599 niatur
202 541 369 608 exercitus,
391 543 565 618 priusquam
586 542 625 599 ad
645 542 791 600 destinata
807 549 971 619 penteniat
1017 547 1053 604 t't

70 635 176 684 nostra
195 625 394 685 commoditas
412 635 458 684 est
471 627 623 703 sapienter
636 628 693 684 ista
708 629 821 694 uitare,
837 631 887 694 ita,
904 632 930 686 si
945 630 1052 687 adner-

72 711 230 769 sariorum
264 709 415 786 imperitia
443 708 493 769 nel
522 709 719 770 dissimulatio
748 714 937 771 occasionem
966 714 1078 772 nob'ns

70 794 213 863 dederit,
230 813 292 854 non
307 803 426 872 oportet
438 795 536 854 omitti
549 794 603 854 sed
620 794 776 872 explorare
791 796 934 862 sollicite,
950 799 1051 874 prodi-

70 885 153 938 tores
171 897 211 940 ao
228 879 400 955 transiugas
417 881 561 945 inuitare;
585 887 632 945 ut,
654 879 724 957 qtrid
747 880 841 939 bostis
862 881 1001 941 moliatur
1021 885 1052 940 in

70 965 231 1035 praesenti
254 962 302 1022 uel
320 964 352 1022 ln
366 965 516 1030 lutnrum,
537 965 686 1041 possimus
700 982 863 1040 agnoscere
878 969 1050 1043 paratisque

70 1047 232 1123 equitibus
247 1066 283 1108 ac
297 1046 358 1106 leui
377 1057 527 1108 armatura
541 1047 729 1107 ambulantes
744 1050 864 1109 eosdem
881 1051 928 1109 uel
943 1051 1052 1129 pabula

71 1131 254 1208 uictumque
271 1141 452 1208 quaerentes
468 1133 625 1209 inprouiso
640 1142 757 1192 terrore
771 1134 921 1210 decipere.
1064 1163 1088 1200 ro

163 1216 228 1276 Vll.
253 1215 290 1275 ln
304 1219 429 1276 transitu
450 1216 612 1276 linniorum
626 1220 727 1292 grauis
741 1218 877 1276 molestia
893 1219 1053 1294 neglegen-

72 1298 157 1360 tibus
180 1303 359 1376 srequenter
380 1303 514 1378 emergit
559 1301 633 1360 b'arn
656 1304 682 1360 si
695 1319 772 1378 aqua
787 1302 948 1361 uiolentior
963 1304 1052 1360 luerit

73 1393 124 1443 aut
149 1385 260 1446 alueus
281 1384 384 1454 latior,
404 1384 610 1463 inpedimenta
631 1403 741 1462 pueros
757 1397 786 1444 et
806 1388 888 1462 ipsos
903 1387 1053 1444 interdum

73 1469 252 1542 ignauiores
267 1469 344 1530 solet
358 1487 496 1547 mergere
512 1468 679 1528 bellatores
710 1469 791 1546 Ergo
807 1469 961 1547 explorato
975 1469 1052 1530 uado

76 1552 155 1613 duae
180 1557 263 1614 acies
288 1555 419 1631 equitum
442 1553 544 1614 electis
564 1552 741 1614 animalibus
762 1554 938 1616 ordinantur
958 1558 1052 1614 inter·
1065 1582 1090 1620 15

76 1637 163 1698 uallis
186 1639 417 1716 conpetentibus
436 1645 605 1717 separatae,
627 1649 661 1698 ut
674 1657 730 1716 per
743 1638 875 1698 medium
892 1641 1006 1718 pedites
1021 1648 1051 1699 et

77 1723 287 1800 inpedimenta
302 1729 464 1786 transeant.
499 1722 574 1782 Nam
588 1725 667 1782 acies
681 1726 820 1800 superior
834 1741 980 1798 aquarum
995 1727 1050 1784 im·

78 1816 181 1881 petum
213 1809 339 1884 frangit,
371 1808 497 1867 inlerior
514 1808 581 1883 ,qni
605 1809 683 1885 rapti
708 1807 907 1885 subuersique
941 1810 1052 1868 inerint

78 1890 195 1969 colligit
215 1901 305 1968 atque
324 1893 501 1970 transponit.
546 1895 584 1950 ‚lt
601 1909 670 1950 cnm
691 1891 779 1951 altior
798 1892 906 1951 linctus
927 1910 983 1952 nec
996 1911 1049 1971 pe-

80 1975 170 2036 ditem
188 1994 246 2036 nec
261 1977 392 2052 equitem
413 1978 537 2054 patitur,
558 1977 654 2052 siper
675 1974 762 2052 plana
777 1976 931 2046 decurrat,
953 1977 1050 2037 ductis
1063 2013 1089 2051 eo

78 2061 273 2121 multifariam
299 2063 448 2138 spargitur
474 2060 561 2118 lossis
585 2059 757 2137 diuisosque
782 2060 869 2120 lacile
896 2065 1051 2122 transitur.

79 2144 222 2223 Nanigeri
245 2162 318 2204 uero
342 2163 445 2205 amnes
465 2143 540 2204 stilis
560 2144 627 2203 liris
646 2162 682 2204 ao
701 2146 895 2224 superpositis
912 2145 1051 2206 tabulatis

82 2233 181 2305 peruii
195 2232 270 2290 liunt
285 2228 334 2288 uel
350 2239 432 2289 certe
446 2227 640 2289 tumultuario
652 2247 744 2306 opere
756 2229 901 2306 colligatis
913 2229 1052 2289 inanibus

80 2316 166 2392 cupis
191 2313 360 2392 additisque
382 2313 518 2374 trabibus
538 2315 695 2373 transitum
716 2313 871 2390 praebent.
916 2314 1052 2390 Expediti

98 2535 133 2584 V.
147 2535 181 2582 L.
236 2535 252 2582 6
271 2531 417 2594 explorare
429 2531 558 2591 sollicite,
572 2530 730 2594 proditores
739 2545 752 2580 ε
765 2529 955 2594 exploratores
964 2531 995 2580 Π
1005 2548 1052 2582 cx-

81 2601 191 2664 plorare
208 2600 296 2650 soleat
313 2614 407 2648 uerum
425 2597 443 2648 δ
461 2597 650 2662 exploratores
664 2598 781 2648 sollicite¹
798 2597 954 2662 proditores
964 2600 987 2648 P

6 2658 7 2720 Ῐ
81 2669 250 2717 itiufnlnro
264 2665 296 2716 π’
365 2661 519 2731 9οοῐάεω]
534 2665 641 2714 eosdem
654 2665 687 2728 L¹
701 2665 748 2715 eos
759 2666 830 2714 clem
843 2665 900 2730 L,Q

151 2734 217 2784 Can.
230 2735 293 2784 VII.
349 2737 380 2783 13
399 2729 494 2798 latior]
509 2733 593 2783 altior
604 2734 628 2781 A
696 2733 825 2796 inpedim.
841 2741 869 2782 et
881 2735 981 2798 pueros
990 2735 1005 2783 1

83 2804 114 2852 16
132 2802 244 2867 pedites
254 2797 309 2868 [et]
322 2801 422 2866 imped.
436 2801 464 2850 Π
475 2800 598 2866 peditum
611 2807 640 2849 et
652 2799 878 2863 impedimenlad
956 2804 987 2849 22
1006 2799 1052 2849 lti-

6 2937 8 2947 .
81 2867 426 2919 lilarbaltililotastilisl
483 2871 516 2918 23
535 2863 685 2932 colligatis]
700 2865 850 2932 alligatisl

99 3073 132 3120 L.
145 3072 171 3122 S.
221 3067 395 3136 ldilficilet]
410 3069 533 3120 difficilis
542 3086 561 3118 α
612 3066 1052 3136 sinpeditolfimpodimenlod)

138 3141 153 3188 6
173 3134 279 3203 omitti]
294 3140 427 3188 committi
439 3137 470 3188 H
531 3139 545 3185 7
563 3132 706 3200 moliatur]
720 3142 841 3186 moratur
853 3135 883 3187 Π
939 3137 955 3186 8
973 3137 1052 3202 polsi·

85 3203 151 3272 mul]
164 3205 306 3270 possemus
313 3203 342 3254 α’
407 3208 439 3255 10
458 3199 600 3270 decipere]
614 3203 775 3268 deciperent
788 3220 807 3252 α

151 3273 295 3324 ΟΑΡΝΙΙ.
348 3275 378 3321 11
397 3271 605 3336 negligentibus
613 3274 636 3321 Α
705 3273 737 3320 13
756 3266 896 3336 aut]ntA
965 3271 997 3318 13
1013 3269 1051 3319 al·

7 3345 8 3374 1
85 3337 161 3408 neus]
177 3339 278 3390 albens
285 3341 322 3390 M
332 3339 424 3389 aloini
432 3341 465 3402 Ar
527 3341 558 3388 13
577 3337 811 3402 impedimentall
877 3338 909 3385 14
926 3335 1053 3398 ignauio-

6 3441 8 3454 ι
87 3406 136 3471 resl
149 3406 314 3474 ignabiores
323 3408 357 3457 M
431 3408 462 3454 16
481 3404 741 3470 competentibulll
814 3407 845 3454 17
864 3399 1054 3466 iupedimenta

87 3477 145 3528 Mil
202 3466 235 3526 1'9
255 3471 377 3540 colligit]
392 3473 506 3536 collegit
518 3475 550 3535 Α,
618 3468 864 3536 fluctus]fluotitl1
922 3468 955 3516 20
973 3470 1050 3531 equi·

89 3542 149 3612 tem]
164 3545 290 3610 equitum
303 3541 340 3592 M
406 3543 439 3589 24
458 3539 584 3590 tranibnl
592 3541 634 3603 Ap
