2520 4044
227 229 269 296 34
621 225 684 276 nin.
703 226 759 286 111,
778 227 801 278 e.

227 383 413 464 clepsydram
438 387 508 441 erent
533 379 644 440 diuism
667 377 801 456 uigiliae,
829 388 860 439 ut
883 397 940 440 non
963 379 1093 458 amplius
1115 400 1237 460 quant

227 468 324 529 tribus
348 466 431 527 horis
457 466 612 526 nocturnis
638 481 760 524 neccsse
780 467 818 525 sit
839 465 973 542 uigilare.
1018 464 1041 524 l
1064 464 1236 528 tubicine

227 569 332 615 omnes
353 550 472 629 uigiliae
493 551 721 610 committuntur
742 556 772 609 ct
792 550 885 610 linitis
903 549 985 610 boris
1005 565 1020 609 a
1043 552 1237 612 cornicine»

226 645 417 700 reuocentur.
462 634 588 696 idoneos
608 643 706 694 tamen
724 633 836 694 tribuni
852 643 881 694 et
901 632 1138 713 probatissimos
1158 637 1235 696 eli-

200 732 307 803 ngent,
325 724 377 800 qui
392 723 577 781 circumeant
591 717 720 796 uigilias,
735 721 964 786 cirenensem,
981 721 1006 780 si
1022 737 1081 798 qua
1101 739 1234 782 erner-

226 811 300 870 serit
314 805 416 885 culpa,
439 822 514 883 quos
528 805 736 864 circumitores
751 801 952 884 appellohaec
977 821 1056 864 nunc
1073 804 1234 867 militiae

227 895 322 953 lactus
337 900 383 951 est
398 889 507 968 graduis
522 895 552 948 et
566 889 721 948 circitores
737 899 893 950 uocantur.
917 888 1079 949 Sciendum
1095 897 1230 952 tamen

227 986 271 1038 est
297 976 412 1052 equites
438 982 521 1033 extra
541 971 651 1034 uallum
677 982 840 1034 nocturnas
860 972 1004 1035 excubias
1023 975 1131 1036 lacere
1160 977 1234 1036 de·

228 1062 307 1124 berc.
352 1057 410 1120 Per
426 1058 503 1118 diem
519 1065 620 1118 autem
634 1060 738 1118 castris
754 1060 873 1138 positis,
895 1058 943 1118 alii
960 1077 1045 1118 mane
1060 1059 1114 1119 clii
1136 1073 1228 1139 pust

189 1173 213 1212 10
227 1145 383 1206 meridiem
412 1152 537 1223 prcptcr
568 1142 769 1220 latigctionem
805 1144 957 1204 bominum
989 1160 1232 1226 equorumque

227 1232 357 1310 agrarias
372 1229 494 1290 iaciunt.
540 1227 620 1290 lnter
635 1230 795 1307 praecipua
810 1230 953 1288 conuenit
967 1227 1074 1290 ducem
1092 1235 1226 1308 proui-

226 1315 314 1384 dere,
337 1317 401 1376 slue
416 1317 448 1375 in
464 1315 569 1374 castris
584 1315 646 1372 siue
668 1315 698 1372 in
715 1313 833 1372 ciuitate
849 1315 1006 1382 consistat,
1028 1323 1060 1373 ut
1084 1316 1231 1378 anima-

226 1401 298 1462 lium
314 1417 431 1480 pascue,
448 1397 596 1460 subiectio
613 1397 754 1458 lcumentl
770 1406 996 1475 ceterarumque
1011 1400 1219 1477 specierum.

227 1488 345 1565 equatio
366 1484 489 1561 lignatio
505 1483 654 1561 pabulatio
670 1499 775 1543 secura
791 1481 828 1542 ab
844 1482 972 1544 hostium
988 1483 1138 1544 reddatur
1161 1489 1222 1547 in-

189 1592 213 1631 15
228 1587 326 1631 cursu.
372 1566 456 1636 Quod
483 1567 568 1627 aliter
595 1585 654 1626 non
681 1575 779 1645 potest
806 1570 942 1634 euenire,
970 1569 1025 1628 nisi
1051 1587 1106 1647 per
1137 1569 1223 1632 loca

226 1655 347 1721 idonea,
378 1669 438 1731 qua
464 1659 636 1713 nostrorum
663 1650 795 1712 cmlndat
820 1661 1016 1721 commeatus,
1048 1657 1222 1732 praesidia

227 1740 436 1818 disponamur,
458 1738 521 1798 siue
542 1735 610 1797 illae
631 1737 765 1797 ciuitates
781 1738 840 1797 sint
855 1739 920 1799 siue
935 1736 1052 1800 castella
1069 1751 1220 1802 murata.

227 1823 312 1896 Quod
334 1825 359 1884 si
380 1839 440 1882 non
461 1825 611 1900 reperitur
631 1824 752 1901 antiqua
774 1823 914 1893 munitio,
942 1825 1100 1902 oportunis
1124 1823 1220 1886 locis·

227 1907 408 1968 circumdata
430 1906 594 1966 maioribus
614 1906 701 1967 lossis
722 1905 914 1970 tumultuaria
936 1906 1053 1968 castella
1075 1911 1216 1971 llrman-

188 2009 213 2050 eo
226 2001 286 2054 tur.
332 1991 406 2052 Nam
422 2008 437 2050 a
454 1992 559 2051 castris
581 1989 759 2051 diminutiuo
774 1991 922 2054 riocabul'o
937 2002 1006 2053 sunt
1022 2007 1214 2072 nuncupata

226 2075 354 2139 castella.
400 2075 480 2136 lntra
498 2093 574 2155 quae
590 2077 619 2137 in
636 2077 762 2154 agrariis
777 2075 918 2156 aliquanti
934 2076 1047 2156 pedites
1064 2081 1214 2154 equites·

226 2179 284 2240 quc
304 2162 446 2239 degentes
462 2168 558 2221 tutum
573 2163 631 2222 iter
648 2161 884 2223 commeantibus
907 2167 1064 2241 praestant.
1115 2163 1213 2226 bitu-

226 2247 281 2309 cile
303 2248 382 2307 enim
398 2245 490 2306 hostis
506 2246 542 2306 ad
559 2265 592 2307 ea
609 2246 672 2306 loca
689 2245 796 2306 audeat
812 2245 973 2316 adsedere,
995 2249 1024 2308 in
1042 2247 1159 2322 quibus
1181 2271 1199 2312 a

225 2335 324 2394 lronte
340 2340 369 2394 ct
384 2351 400 2394 a
417 2343 500 2412 tergo
516 2333 601 2393 nouit
616 2331 804 2392 aduersarios
819 2333 1007 2394 commorari.

242 2475 274 2524 V.
284 2446 320 2525 L.
352 2444 392 2523 ‘1
406 2443 582 2540 clepsydram
595 2475 638 2523 eL
656 2448 811 2538 clepsydfam
829 2473 854 2538 (r
863 2476 976 2537 fortusse
990 2491 1005 2523 u
1019 2473 1042 2536 l)
1058 2474 1078 2535 Q
1096 2475 1209 2542 clepl'r-

226 2542 275 2591 dre
288 2540 318 2590 Π
329 2540 465 2604 clepsidrse
474 2543 499 2590 P
510 2539 650 2605 clepsedrft
663 2545 705 2590 uel
716 2542 848 2609 depsedra'
867 2545 891 2592 V
903 2543 980 2608 cleps
991 2545 1109 2602 scrunren
1121 2560 1208 2596 mem-

225 2609 321 2658 branae
335 2605 382 2657 dm
395 2610 419 2657 l)
504 2611 520 2656 2
540 2604 587 2673 [Α]
602 2607 742 2660 tubicines
750 2611 844 2662 omnes
854 2611 951 2677 uigilip
966 2609 1136 2662 cdmllanlur
1150 2614 1211 2664 Ll'

224 2674 365 2725 tubicines
373 2691 397 2727 0.
410 2675 509 2740 uigilie
522 2673 695 2726 edmlttentur
708 2677 729 2738 Q
774 2682 790 2728 4
802 2679 906 2728 tribuni
920 2679 988 2729 eVP
997 2677 1117 2728 tribunis
1126 2695 1207 2736 corr,

224 2745 251 2793 in
262 2741 390 2794 tribunos
398 2741 426 2792 Π
437 2743 563 2792 tribunos
571 2744 595 2791 D
647 2745 663 2792 6
681 2744 872 2797 circumsturos
885 2747 912 2795 V
914 2765 920 2808 ;
939 2748 1007 2808 falco
1020 2747 1202 2800 Bliclrelerum

224 2811 296 2876 apud
304 2811 449 2861 Petronium
459 2812 513 2872 (53,
521 2810 562 2871 10)
573 2812 756 2876 circumitore,
769 2816 865 2865 coub'ct'u
877 2817 1014 2876 lectionem,
1028 2817 1053 2863 in
1064 2816 1206 2868 circitore

224 2882 372 2929 correacisee
390 2885 477 2929 nostro
494 2895 529 2929 etc
541 2881 596 2929 loeo
608 2888 720 2944 apparet
789 2885 804 2932 θ
822 2879 922 2948 Nunc]
936 2885 1005 2933 Item
1019 2881 1047 2933 Π
1116 2885 1132 2932 t
1155 2885 1204 2951 et]

225 2946 334 3008 quosll
401 2943 586 3013 ‘scircitcresl
601 2949 735 2998 certiores
745 2947 762 3000 d
823 2950 1003 3000 iscieudum
1016 2956 1204 3015 tamenquod

225 3013 330 3063 milites
339 3018 416 3063 extra
428 3013 532 3065 bollum
545 3029 573 3064 11.
584 3027 642 3065 exc.
653 3015 746 3067 facere
760 3017 859 3068 debere
873 3015 904 3066 Π
963 3020 980 3068 8
999 3013 1108 3084 excub]
1125 3020 1204 3083 uigi-

225 3111 280 3162 lius
289 3109 334 3162 dP
357 3110 411 3178 nl]
427 3109 564 3180 agrarias]
579 3117 710 3179 angarias
720 3116 774 3178 (·os
783 3117 814 3179 Q)
829 3133 841 3168 e
879 3121 909 3168 12
923 3093 1046 3170 conlist⁸it
1058 3119 1079 3181 Q
1090 3121 1116 3168 in
1131 3121 1202 3178 Par,

224 3181 292 3232 6503
305 3197 321 3230 a
333 3196 382 3231 eron
395 3184 459 3231 sulla
470 3187 600 3246 bertuinum
613 3190 652 3233 est
704 3187 735 3234 17
755 3185 815 3234 sunt
828 3185 867 3236 eP
918 3190 948 3237 lu
967 3185 1107 3238 firmentur
1120 3185 1150 3237 Π

226 3245 354 3310 casstella
368 3248 591 3315 f.-nuncupata
605 3247 737 3317 cas]tella
751 3253 776 3301 l'
809 3255 839 3302 21
856 3250 951 3320 [quae]
969 3255 994 3302 V
1027 3257 1057 3305 21
1072 3256 1100 3303 in
1111 3270 1197 3321 agra·

225 3313 284 3384 riis]
300 3317 328 3366 in
342 3317 435 3378 agrais
444 3318 465 3366 A
479 3318 506 3366 in
520 3318 644 3383 ungariis
652 3323 685 3385 Α,
734 3323 766 3371 23
786 3322 870 3371 audet
882 3336 903 3370 π

242 3425 267 3473 S.
282 3426 314 3476 L.
379 3426 607 3478 dcircuenntM
690 3429 782 3494 siqua
801 3427 1061 3497 emertcrttlnque
1078 3430 1142 3498 (utic
1159 3435 1195 3498 (1⁸)

225 3491 384 3542 merseritoe
471 3493 747 3560 ‘dpostmeridieM
836 3497 866 3547 18
886 3500 1041 3563 repperitur
1056 3499 1123 3564 α’ᾶ,

224 3557 257 3608 20
276 3567 433 3624 noncupata
447 3562 482 3610 M
559 3563 591 3610 22
610 3560 808 3628 tntum]·totnm
823 3563 853 3614 A'
929 3568 961 3615 23
981 3567 1110 3616 accedere
1124 3569 1176 3631 μΠ
