2520 4044
211 235 253 300 74
584 236 647 288 niu.
666 237 721 298 111,
741 239 764 286 o.
784 239 807 284 o.

211 389 295 450 aliter
316 406 375 448 non
397 395 494 468 potest
515 389 654 448 nuntiari.
700 387 848 466 Aliquanti
868 389 899 447 in
922 387 1138 450 castellorum
1159 400 1221 452 aut

210 473 328 534 urbium
344 472 478 534 turribus
494 472 666 552 adpendunt
680 471 794 542 trabes,
816 471 923 551 quibus
939 472 1116 552 aliquando
1138 494 1221 536 ere·

211 559 266 618 ctis
281 557 440 635 aliquando
457 557 599 635 depositis
614 556 745 618 indicant
759 575 836 636 quae
851 565 1004 634 geruntur.

295 642 341 702 Vl.
367 642 423 714 Qui
438 661 502 703 rem
524 640 681 703 militarem
703 640 864 701 studiosius
884 641 1077 710 didicerunt,
1110 643 1223 704 adse·

185 735 281 788 arunt
301 726 386 806 plura
409 730 439 787 in
456 725 612 787 itineribus
627 743 715 805 qnam
731 727 762 786 in
777 727 840 804 ipsa
855 727 917 785 acie
934 725 1067 804 pericula
1092 727 1222 788 solere

212 813 393 890 contingere.
425 809 497 870 Nam
510 812 541 870 in
553 809 691 871 conflictu
707 812 814 870 armati
825 818 895 870 sunt
907 828 1010 871 omnes
1022 819 1052 870 et
1065 811 1221 872 hostem

212 897 377 956 comminus
400 893 502 954 uident
523 903 552 954 et
572 894 608 954 ad
628 894 819 972 pugnandum
836 896 936 954 animo
952 896 1084 956 ueniunt
1106 914 1222 974 prae.-

211 982 320 1060 parati;
351 981 380 1038 in
400 979 507 1039 itinere
527 980 625 1038 minus
647 987 778 1039 armatus
793 979 951 1056 minusque
977 978 1136 1040 adtentus
1166 989 1221 1040 est

211 1063 297 1124 miles
313 1071 342 1124 et
356 1069 555 1142 superuentus
571 1065 682 1141 impetu
697 1063 746 1123 uel
761 1061 866 1123 fraudo
880 1063 1039 1124 subsessae
1053 1073 1221 1143 repente

174 1170 199 1210 1o
212 1147 358 1210 turbatur.
403 1146 472 1208 Ideo
495 1149 575 1208 omni
597 1165 666 1207 cura
689 1149 830 1225 omnique
852 1146 1001 1225 diligentia
1017 1149 1218 1225 prouidere

212 1233 271 1294 dux
286 1232 385 1301 debet,
402 1250 440 1293 ne
455 1233 647 1312 proficiscens
662 1233 793 1310 patiatur
808 1233 962 1292 incursum
978 1231 1026 1291 uel
1042 1230 1151 1294 lacile
1173 1253 1216 1292 ac

212 1320 275 1379 sine
290 1319 398 1379 damno
415 1316 539 1397 repellat
553 1315 687 1378 inlatum.
726 1314 861 1376 Primum
877 1317 1028 1377 itineraria
1044 1320 1214 1378 omniurn

211 1405 380 1480 regionum,
397 1403 427 1461 in
444 1401 550 1479 quibus
566 1399 677 1462 bellum
694 1402 817 1480 geritur,
835 1399 1006 1478 plenissime
1022 1399 1124 1462 debet
1144 1401 1211 1462 ha-

212 1487 284 1548 bere
300 1488 478 1566 perscripta,
501 1489 540 1548 ita
556 1494 588 1547 ut
603 1486 736 1548 locorum
751 1483 908 1544 interualla
924 1503 983 1545 non
999 1483 1099 1546 solum
1121 1505 1211 1566 pas-

174 1588 198 1628 so
212 1589 297 1633 suum
321 1587 446 1630 numero
463 1570 513 1630 secl
532 1572 618 1630 etiarn
633 1571 749 1629 uiarum
766 1567 905 1648 qualitate
921 1569 1086 1646 perdiscat,
1116 1590 1207 1631 con-

102 1724 105 1736 ·
210 1654 318 1735 pendia
349 1654 529 1714 deuerticula
560 1661 675 1714 montes
705 1653 824 1713 flumina
850 1654 886 1713 ad
911 1653 999 1714 fidem
1030 1653 1206 1734 descripta

212 1738 393 1807 consideret,
410 1756 505 1818 nsque
522 1756 572 1808 eo,
592 1745 624 1798 ut
640 1736 820 1798 sollertiores
836 1737 926 1798 duces
941 1740 1096 1800 itineraria
1115 1758 1204 1818 pro-

211 1823 390 1892 uinciarum,
418 1822 576 1903 inquibus
600 1823 760 1883 necessitas
781 1820 956 1900 gerebatur,
983 1841 1043 1883 non
1063 1831 1201 1884 tantum

212 1907 347 1968 adnotata
364 1906 415 1966 sed
432 1909 521 1966 etiam
536 1908 615 1985 picta
630 1905 770 1966 habuisse
786 1907 950 1975 firmentur,
965 1915 997 1968 ut
1010 1925 1068 1968 non
1081 1909 1200 1968 solum

170 2003 197 2044 ao
210 1989 334 2053 consilio
346 1991 454 2050 mentis
465 2009 568 2050 uerum
584 2000 707 2068 aspectu
723 1989 879 2051 oculorum
896 1993 974 2052 uiam
985 1992 1195 2070 proiecturus

212 2076 343 2153 eligeret.
389 2074 431 2134 dd
453 2073 510 2135 boc
526 2094 540 2134 a
558 2074 803 2152 prudentioribus
826 2084 855 2134 et
875 2077 1028 2136 honoratis
1048 2095 1083 2136 ac
1100 2077 1195 2138 loco·

210 2179 276 2220 rnrn
297 2157 398 2237 gnaris
419 2161 577 2238 separatim
599 2159 687 2219 debet
704 2161 843 2220 uniuersa
860 2162 1035 2240 perquirere
1051 2169 1081 2220 et
1096 2164 1191 2222 ueri-

211 2252 300 2305 tatem
316 2243 456 2321 colligere
472 2244 509 2305 de
522 2243 665 2322 pluribus,
683 2252 838 2322 praeterea
851 2244 907 2304 sub
919 2245 1053 2323 periculo
1065 2244 1192 2323 eligen-

218 2355 346 2447 ”pff
359 2395 484 2451 Comvl.
546 2393 760 2462 bsnpernentui
775 2395 945 2460 impetuuel
964 2394 1192 2446 fraudelubses·

211 2463 256 2514 lae
274 2462 292 2513 ὃ
309 2463 490 2528 superueniui
511 2465 615 2528 impetu
633 2463 679 2513 nol
700 2462 799 2512 fraude
820 2461 939 2513 subsalsa
956 2460 983 2511 Π
1001 2463 1195 2526 superacutus

210 2528 1189 2663 {referor,torulumcerneretururrato

211 2613 244 2714 sb
253 2665 295 2714 De
306 2665 336 2714 H
344 2614 460 2728 ideoqbe
471 2665 496 2712 P
530 2667 561 2714 15
574 2613 725 2728 qnalitztel
735 2665 774 2713 εΡ
782 2661 818 2727 (io
829 2638 1013 2730 leuullulum
1025 2667 1130 2714 dilutum
1142 2668 1189 2716 net

210 2747 309 2782 erasum
322 2739 368 2794 est,
381 2733 417 2780 ad
428 2732 497 2796 qraod
506 2734 561 2781 sine
574 2730 648 2781 dudio
662 2732 824 2792 referendum
837 2739 875 2782 eal
886 2733 982 2797 siparum
994 2735 1137 2796 rnorpiuule
1151 2733 1186 2796 †)

212 2801 243 2850 15
262 2794 430 2865 conpendia]
448 2798 547 2860 syllaba
560 2813 612 2848 eon
624 2799 650 2847 in
663 2802 717 2849 loco
731 2812 806 2848 eraso
820 2800 856 2850 M
864 2815 913 2864 per
926 2799 1079 2864 conpendia
1093 2801 1107 2848 i

212 2869 242 2916 16
261 2865 433 2917 deuerticula
447 2866 505 2917 HV
518 2864 685 2915 diuerticnla
699 2866 763 2916 ror
853 2870 884 2918 16
902 2867 1032 2932 discripto
1045 2869 1091 2930 pP

211 2935 240 2983 l'l
259 2935 342 2999 usque
356 2932 457 2984 adeod
509 2929 582 2998 itin]
597 2933 625 2982 in
639 2933 791 2982 etinerario
805 2933 832 2985 Π
878 2937 911 2985 20
929 2932 1034 3000 uerum]
1049 2948 1075 2983 n.
1089 2934 1178 2984 etiam

209 3001 237 3052 Π
305 3003 339 3051 20
357 3001 532 3066 prolecturus
542 2999 575 3052 ad
587 3000 760 3066 prolecturus
770 2999 799 3048 Π
810 3001 978 3066 profecturis
987 3003 1012 3051 P
1022 3003 1096 3066 rorigo

209 3103 239 3150 ‘21
260 3099 393 3162 adbocQ
467 3103 499 3150 22
519 3101 615 3166 goarii
624 3076 797 3166 cargnoni
807 3101 945 3168 Hignorn
958 3105 999 3166 Ap
1074 3105 1107 3152 ‘23
1128 3103 1180 3153 eli-

211 3165 387 3231 gondonisll

227 3287 253 3336 S.
267 3286 299 3336 L.
354 3284 542 3352 iantlatll,
611 3286 850 3350 cappenuuntli
917 3285 1021 3352 trebel]
1036 3286 1133 3338 tranei
1141 3304 1160 3352 μ

279 3353 346 3404 Car.
361 3353 407 3403 VI.
465 3353 663 3403 tulleruntll
742 3351 1104 3417 beonflictulconflictoot'

211 3424 226 3470 7
246 3417 409 3540 οοιιιπιίυἭ
421 3421 616 3472 communali]
698 3423 714 3472 8
733 3420 857 3472 attentus
866 3419 897 3470 Π
975 3423 1006 3471 12
1025 3423 1178 3486 dompnoA

213 3491 244 3538 12
261 3487 369 3538 illatum
479 3491 511 3539 rt
530 3487 807 3556 pulsuum]parlnnm
821 3490 851 3552 A,
923 3491 954 3538 15
973 3489 1178 3554 compendiell

281 3557 312 3605 lb
331 3556 531 3620 proniutiarnm
544 3559 586 3619 Αμ
664 3560 697 3606 ¹22
715 3553 810 3620 debet]
826 3556 903 3606 bibet
915 3557 949 3606 M
