2520 4044
419 199 508 250 Liber
524 199 595 263 nu,
614 200 638 253 o.
657 201 682 250 r.
976 201 1035 264 131

58 358 216 435 excipiunt
236 355 425 430 sagittarum.
470 351 574 430 Neque
594 353 674 412 enim
695 352 782 412 iaeile
804 361 960 417 uarueunt
975 357 1035 436 spi-

57 441 122 502 cula
138 438 225 520 qnod
241 437 323 498 cedit
339 455 374 497 oo
389 436 521 496 llucnret.
565 434 723 498 inuentum
740 454 857 516 quoque
868 439 1034 502 remedium

57 535 115 606 est,
126 533 163 585 ut
179 524 220 584 de
236 523 318 600 ligno
334 529 433 582 crates
448 521 592 590 iacerent,
603 537 677 598 quos
694 520 826 582 metellos
841 535 1034 594 uocauerunt,

58 609 273 690 lapidibusque
299 605 502 686 complerent,
530 624 564 665 en
589 613 652 666 erte
672 608 752 666 inter
776 605 845 667 bion
866 626 1035 688 propugno·

57 695 121 756 cula
146 695 343 760 constitutas,
371 699 419 759 ut,
447 693 473 750 si
492 709 546 770 per
566 690 661 752 scalas
691 691 873 752 ascendisset
893 691 986 754 hostis
1006 703 1061 754 ets

57 790 174 857 partem
208 776 339 854 aliquam
369 777 463 854 ipsius
492 777 681 852 contigisset,
713 794 802 855 supra
832 785 921 856 ceput
949 797 1035 840 sumu

60 870 204 942 uergeret
218 861 299 922 saxu.

141 948 206 1009 Vll.
230 945 322 1008 Multa
344 944 551 1004 defensionum
570 941 884 1023 obpugnationumque
899 957 969 1008 suni
984 965 1034 1026 ge·

59 1053 145 1109 nera,
170 1050 248 1111 quae
270 1030 346 1091 locis
368 1027 598 1108 conpetentibus
618 1031 794 1090 inseremus.
839 1029 924 1092 Nunc
939 1033 1035 1092 scien·

60 1120 127 1180 tium
151 1126 200 1178 est
219 1113 380 1176 obsidendi
395 1113 467 1175 duas
484 1132 549 1173 esse
564 1115 693 1192 speeies,
718 1132 823 1183 unum,
845 1134 912 1176 cum
928 1116 1033 1178 aduer·
1049 1140 1073 1178 n

60 1206 153 1264 serius
171 1201 331 1279 oportunis
347 1198 421 1259 loeis
435 1197 593 1278 praesidiis
610 1197 754 1258 ordinatis
769 1220 880 1261 *sss*
895 1199 944 1261 uel
960 1221 1033 1282 aquo

62 1286 201 1367 prohibet
222 1284 358 1346 inclusos
380 1281 427 1344 uel
450 1282 630 1343 dedilionem
652 1293 753 1362 sperat
769 1301 784 1342 a
801 1284 892 1351 same,
918 1284 1035 1364 quondo

63 1392 163 1433 omnes
184 1368 378 1451 prohibuerit
398 1373 590 1429 commeatus.
636 1367 698 1428 lloo
721 1369 799 1427 enirn
823 1366 947 1428 oonsilio
971 1371 1034 1449 ipse

63 1460 174 1519 otiosus
189 1475 224 1518 ae
242 1463 324 1517 tutus
339 1453 442 1529 iatigat
455 1453 621 1513 inimicum.
660 1451 703 1513 td
720 1470 794 1532 quos
809 1469 896 1514 nasus
911 1471 1030 1532 posses·

64 1561 158 1618 sores,
177 1540 318 1621 quamuis
333 1537 394 1598 leui
409 1538 573 1614 suspitione
588 1535 709 1615 pulsati,
727 1555 846 1598 omnem
863 1536 1030 1602 alimoniam
1046 1557 1070 1598 n

68 1629 156 1687 nictus
172 1629 253 1686 intro
269 1642 373 1684 muros
390 1621 500 1682 dehent
514 1620 731 1682 studiosissime
744 1621 900 1692 collocare,
915 1631 948 1685 ut
962 1624 1034 1703 ipsis

67 1711 204 1772 exuberet
225 1709 408 1777 substantia,
430 1705 618 1767 aduersarios
640 1707 738 1785 inopia
761 1713 847 1784 cogat
862 1707 1033 1769 obscedere.

66 1795 123 1856 Non
143 1796 244 1857 solum
266 1801 366 1856 nutem
388 1793 544 1872 porcinum
566 1790 618 1852 sed
641 1798 669 1851 et
692 1809 780 1852 omne
796 1790 966 1876 animalium
983 1810 1032 1870 go·

82 2018 110 2066 V.
122 2017 155 2065 L.
204 2017 222 2064 2
237 2006 374 2127 [quoquep
385 2011 428 2072 M,
440 2012 522 2060 addit.
534 2025 550 2058 a
562 2011 578 2059 2
590 2013 616 2060 tn
628 2012 740 2075 marpine
776 2014 792 2062 3
804 2009 933 2062 metellos
939 2011 1036 2064 tilVP

66 2083 196 2133 maniolas
207 2083 231 2132 D
244 2078 358 2130 metella
387 2080 462 2143 nnlpo
480 2081 565 2141 atque
583 2080 608 2127 in
626 2079 731 2136 tetricis,
749 2095 813 2145 qnae
830 2083 909 2130 tolum
921 2085 1033 2130 nostrum

64 2154 134 2201 touun
144 2153 273 2207 landoni,
285 2144 416 2216 metellos
425 2145 620 2209 Oudendorpins
632 2153 658 2196 et
670 2145 700 2196 ii.
714 2146 752 2198 M.
767 2143 823 2212 (qui
839 2163 955 2198 sermone
969 2147 1033 2198 Ger·

65 2222 155 2270 norico
167 2233 237 2268 anno
251 2215 320 2266 1800
337 2214 467 2278 Vepetiom
479 2216 665 2276 interpretetus
677 2213 727 2277 est)
774 2217 790 2264 t>
809 2213 969 2266 constitutas
980 2212 1033 2280 th²

65 2286 214 2337 constituas
223 2286 265 2336 εΡ
276 2281 426 2333 constitute
439 2281 468 2330 H
546 2285 562 2332 o
580 2276 642 2347 per]
656 2280 737 2345 super
749 2295 762 2332 ε
775 2281 804 2344 (p
817 2278 859 2346 01)
938 2285 953 2333 7
971 2297 1032 2332 uer-

65 2351 310 2472 geilsi’rlipli
313 2346 771 2466 'sssgg‘ggs‘elpgsslt‘'130323292'01'}
783 2349 1020 2468 illisitlin

65 2489 109 2539 bus
115 2491 266 2554 impugnat
271 2435 398 2547 obigisos,
405 2484 521 2534 alteram
529 2486 697 2549 eumsupplet
706 2485 821 2535 laconum
828 2483 961 2534 Parisinus
966 2485 1033 2536 7232

67 2555 526 2620 :XIVsaec.);qu0nsupp1emennm
539 2554 642 2616 nuspata
650 2554 766 2617 adripuit
802 2555 833 2604 12
847 2547 1032 2618 [inclusosuel

66 2624 118 2674 ri-
128 2626 177 2676 hoo
191 2640 216 2674 e.
230 2639 256 2672 c.
268 2621 327 2686 ipse
340 2615 452 2684 otiosus]
468 2619 498 2670 Π
508 2618 645 2670 inclauios
654 2617 672 2669 o
717 2623 748 2670 12
762 2621 927 2672 deditionem
941 2619 1044 2688 sperno

67 2708 157 2746 acorr.
174 2709 212 2742 ex
228 2689 399 2740 deditionem
418 2686 529 2752 sperata
548 2688 569 2738 G
585 2687 724 2738 deditione
742 2688 852 2754 sperata
870 2686 898 2740 α’
915 2687 1032 2740 deditio·

67 2775 120 2809 nem
133 2761 247 2826 sperata
258 2755 295 2807 id
307 2755 482 2818 dedientione
494 2754 605 2819 sperata
617 2756 643 2804 P
693 2757 725 2806 15
742 2756 798 2806 leui
811 2756 958 2822 suspitione
971 2755 1031 2820 pnl-

69 2826 113 2876 lati
129 2843 236 2878 omnem
248 2823 281 2874 π’
299 2823 373 2874 leuis
386 2823 561 2886 suspitionem
578 2821 732 2888 pulsationi
748 2822 777 2874 α’
792 2819 868 2875 leuis
880 2822 1037 2890 suspitionis

69 2896 245 2956 pulsationem
262 2893 286 2943 G
306 2890 380 2942 leuis
396 2891 506 2990 sul'pritio
521 2891 570 2989 >111>
582 2891 775 2956 pulsationitt
795 2889 866 2941 teuit
884 2889 1033 2957 suspitione

69 2995 124 3052 (one
136 3015 154 3047 a
165 2999 182 3047 2
193 2999 222 3046 in
234 2999 251 3048 i.
264 2995 315 3057 er.)
328 2993 482 3058 pulsatione
496 2997 573 3055 (one
584 3009 602 3042 a
614 2995 630 3042 2
642 2995 659 3043 i.
671 2995 690 3046 1.
702 2991 754 3058 er.)
769 2995 793 3044 P
839 2995 870 3044 ii
889 2993 1035 3062 exsuperet

71 3063 95 3112 Π
142 3069 175 3115 l‘i
193 3062 375 3114 substantiam
388 3061 419 3113 Π
473 3063 507 3113 18
524 3062 570 3112 sed
583 3056 681 3127 [θῆκ’

16 3287 17 3292 ’
83 3265 106 3316 S.
120 3269 152 3320 L.
210 3266 280 3316 Cu.
294 3267 355 3317 vll.
388 3266 660 3334 Bobpugnationum
670 3280 752 3330 supra
762 3266 853 3317 tineam
864 3267 986 3316 intruetur
999 3265 1032 3316 ,li

16 3347 17 3350 ’
69 3337 299 3402 oppugnationum
312 3333 344 3385 Π
409 3333 603 3400 soompetii
657 3331 964 3400 sinseremuslnpiiaba
974 3331 1035 3382 rnrri

70 3404 153 3456 inloto
165 3404 294 3455 σαωΜ
365 3405 398 3454 13
413 3398 599 3469 prohibuerit]
613 3399 836 3467 prohibuerinta
907 3401 939 3450 tn
957 3413 1030 3450 eoin·

71 3470 204 3522 neatosa’
277 3473 311 3520 tt
327 3470 464 3536 ociosusp
534 3471 565 3519 tt
584 3467 701 3534 fatigat]
714 3465 867 3531 instigetA
930 3467 962 3516 tt
981 3467 1030 3516 ni·

16 3601 17 3608 ἵ
70 3535 184 3607 loedere]
199 3538 345 3590 ubscidere
358 3541 393 3603 A,
462 3539 496 3588 18
512 3531 670 3602 porcinum]
682 3531 821 3597 pertinum
833 3533 864 3594 A,

790 3615 827 3664 92
