2500 4034
381 867 737 954 PRAEFATIO.

518 1041 603 1051 n...-

151 1165 323 1223 Flanium
347 1165 528 1238 Vepetium
544 1167 721 1222 chatum
743 1169 911 1239 ampliorem
926 1171 955 1224 in
971 1171 1041 1225 miii-

69 1257 103 1308 tia
118 1253 249 1326 pradum
262 1251 421 1306 ¹obtinuisse
435 1267 492 1306 non
503 1253 595 1306 sotum
607 1267 646 1308 ea
657 1254 727 1323 ipso,
741 1269 797 1324 quo
808 1255 938 1322 innotuit,
953 1269 1043 1326 opere

66 1340 251 1408 perspicitur
276 1336 330 1391 red
354 1337 442 1390 etiam
466 1336 596 1392 coelicum
622 1339 796 1392 auctoritate
815 1339 966 1408 firmatur,
994 1340 1045 1410 qui

70 1422 215 1478 ‘inlustris
237 1421 305 1488 (iti.)
327 1416 396 1476 uiri'
413 1425 446 1474 »ei
467 1418 600 1476 ‘comitio'
622 1421 788 1493 dipuitatem
807 1423 851 1478 iili
871 1421 1042 1478 attribuant.

69 1507 202 1563 Eundem
228 1505 419 1560 christianum
445 1503 542 1576 fuisse
568 1521 608 1562 eoc
632 1505 829 1576 compluribus
852 1509 938 1577 tocie,
970 1521 1043 1579 qnos

69 1593 150 1662 apud
161 1594 259 1660 ipsum
274 1591 355 1662 iopas
369 1585 411 1660 (p.
426 1587 456 1654 4,
474 1588 503 1646 3.
520 1587 570 1659 37,
588 1589 626 1647 16
642 1606 686 1662 sq.
704 1589 752 1655 72,
771 1590 820 1648 18.
838 1591 908 1660 151,
928 1589 1041 1662 18,19.

70 1675 140 1746 158,
159 1672 225 1745 12),
244 1677 316 1730 satis
330 1675 434 1729 elucet.
470 1673 576 1730 Contra
592 1673 753 1732 Romanam
766 1675 862 1747 fuisse
887 1674 1040 1749 Vepeiinne,

68 1773 245 1834 quamquam
260 1760 375 1814 diceneo
394 1761 521 1830 ratione,
543 1777 602 1831 qua
622 1774 693 1815 usus
714 1766 770 1831 esi,
792 1763 934 1833 totiusque
954 1761 1045 1818 libelli

68 1845 239 1901 condicione
251 1843 376 1916 probari
389 1843 517 1913 uidetur,
537 1860 594 1915 pro
609 1851 690 1900 certo
705 1850 799 1901 tamen
814 1862 870 1902 non
884 1850 980 1916 potest
993 1845 1042 1900 de-

67 1923 196 2001 piniri*).
231 1928 275 1984 De
289 1930 402 1984 nonnno
417 1935 512 1984 autem
528 1931 659 1985 auctoris
672 1932 767 1986 nostri
784 1931 857 1986 alna
869 1937 912 1986 est
927 1945 1041 1986 monen-

68 2017 150 2082 dum,
171 2012 303 2086 ‘Vepati'
322 2011 462 2084 sormam,
488 2028 564 2084 quae
588 2017 698 2084 passim
718 2017 748 2070 in
769 2018 881 2087 optimis
896 2015 1043 2072 codicibus

68 2099 268 2170 adstipulante
283 2099 479 2170 antiquissimo
496 2093 578 2167 (VII.
595 2097 717 2170 saecuti)
735 2107 877 2170 excerpto
901 2099 1041 2156 Vaticano

70 2181 76 2252 (
89 2183 233 2256 VatRep.
242 2179 342 2245 toto·
357 2180 397 2253 cf.
404 2181 559 2238 Mommsen
572 2183 697 2238 Hermes
704 2183 729 2240 1.
742 2182 782 2256 (a.
797 2179 889 2259 1866)
899 2201 929 2254 p.
940 2183 1041 2242 130-
1096 2176 1098 2180 ’

71 2265 142 2340 133)
155 2269 274 2336 mutiam,
283 2267 369 2322 unice
380 2281 482 2322 ueram
495 2261 505 2292 ‘
516 2266 623 2340 Vepeti’
635 2282 714 2328 essa:
728 2270 804 2326 iaec
815 2272 890 2326 enim
902 2271 963 2326 sola
977 2285 1042 2328 cnm

69 2358 97 2408 in
120 2352 320 2425 epiprapiieio
339 2354 527 2412 monumentis
550 2355 700 2422 reperitur
721 2353 815 2424 (Grnt.
837 2353 908 2410 817.
930 2352 1042 2409 Murat.

71 2435 166 2508 1762)
183 2443 241 2493 ium
254 2440 285 2492 in
299 2439 366 2506 ipsa
381 2439 478 2507 operis
492 2439 681 2508 inscriptione
702 2440 738 2494 ab
754 2439 882 2495 omnibus
897 2431 1043 2492 codicibus

69 2523 198 2596 antiquis
213 2523 397 2593 opnoscitum
411 2521 523 2591 deinde,
540 2528 571 2577 ut
587 2518 766 2595 ‘Vepatium'
776 2537 905 2594 prorsus
916 2535 1040 2594 respua-

68 2623 145 2676 mus,
169 2607 381 2677 amplectamur
401 2599 586 2678 ‘Vepetium’,
608 2607 835 2664 damnandorum
852 2611 1042 2678 propriorum

67 2694 214 2747 acaunum
229 2684 359 2760 ratio**)
371 2692 569 2760 maximopere
583 2691 688 2747 suadet
693 2715 702 2755 ,·
716 2694 958 2763 locupletissimus
970 2707 1041 2749 uero

134 2871 164 2936 *)
183 2871 226 2934 Cf.
245 2871 357 2924 Fabricii
372 2871 429 2921 bibi.
446 2875 492 2922 lat.
515 2873 557 2926 ed.
576 2871 682 2924 Ernesti
700 2871 750 2923 III
766 2889 793 2936 p.
813 2875 876 2930 lto·
898 2873 1040 2926 sinuabat.

67 2939 158 3004 (1767)
173 2939 261 3006 praes.
274 2955 302 3003 p.
315 2940 339 2988 4.
360 2937 477 2989 Comitem
489 2939 794 3006 Constantinopolitanum
807 2939 932 2992 Nostram
943 2943 1045 2994 diserte·

67 3010 155 3059 dicum
171 3008 331 3058 Harleianus
343 3007 409 3057 2551
429 3007 521 3070 (XIV.
531 3007 566 3071 s.)
578 3009 646 3064 ,Vct
659 3009 726 3060 2193
740 3007 798 3073 (XI
800 3009 832 3066 V.
845 3009 879 3074 e.)
901 3009 960 3062 Vat.
974 3013 1046 3062 4494

67 3074 161 3139 (xlta
169 3075 202 3138 s.)
217 3075 251 3124 In
261 3075 444 3126 recentioribus
455 3075 552 3140 aliquot
561 3075 689 3126 codicibus
698 3092 780 3127 comcs
790 3075 1043 3144 ‘Etplias'uel‘Eto-

66 3147 124 3194 tiem'
136 3146 179 3193 uel
189 3143 309 3192 ‘Atinas’
318 3142 438 3207 Vepetins
444 3144 587 3193 nominatur
594 3143 638 3206 (cs.
648 3145 708 3194 Vai.
715 3145 778 3210 Rip,
786 3143 912 3209 1612(XJ
917 3145 945 3196 V
943 3185 949 3197 .
955 3145 1042 3208 Sacc.)

67 3220 91 3261 et
108 3227 186 3262 umam
205 3225 240 3260 ecc
257 3209 409 3260 Bodleianis
426 3210 459 3272 (b.
478 3213 592 3262 canonic.
610 3211 658 3262 Nr.
671 3214 731 3264 274.
749 3213 811 3266 XV.
824 3212 933 3277 saec.)).
972 3213 1044 3263 Iliad

65 3296 127 3330 uero
148 3279 255 3342 ‘Etylt'i'
272 3293 307 3328 em
322 3281 386 3328 maie
402 3281 468 3328 tecto
490 3279 522 3333 V.
543 3279 569 3329 0.
591 3277 644 3328 ΕΤ
657 3280 733 3330 loo.
756 3281 785 3342 (i.
800 3297 823 3331 e.
841 3283 893 3331 uiri
904 3281 1000 3330 comitis
1017 3287 1047 3328 et

64 3348 183 3408 illustria)
197 3371 228 3382 -
241 3346 270 3396 ia
290 3348 361 3412 qaod
373 3346 512 3398 Librianns
528 3349 692 3398 codec1028
712 3345 781 3412 (uide
797 3348 879 3412 infra)
893 3345 1045 3405 XI.¹(immo

67 3413 150 3478 XII.)
161 3429 231 3466 saec.
243 3415 269 3462 in
282 3416 370 3478 operis
380 3416 465 3465 indice
476 3414 585 3479 praebet
597 3441 630 3450 -
643 3417 702 3480 quin
714 3423 799 3466 natum
811 3418 852 3474 eit,
866 3430 916 3464 non
929 3413 1023 3463 deebito.

106 3479 149 3544 *ἢ
173 3481 210 3530 Vt
216 3482 300 3545 planus
307 3507 337 3518 -
348 3481 462 3540 Flauius,
474 3497 554 3532 nouus
564 3509 595 3518 —
606 3483 711 3540 Nonius,
723 3485 844 3545 septimus
853 3505 886 3517 -
896 3478 1044 3542 Septimius,

67 3553 104 3600 ito
115 3555 223 3616 repetas
234 3575 266 3584 -
283 3549 308 3598 V
308 3551 412 3613 epotias.
