2500 4034
232 225 251 287 3
617 223 677 277 uia.
697 225 724 286 1,
744 227 768 275 e.
785 225 809 272 4.
1230 177 1231 264 l

232 381 320 446 citus;
351 377 450 438 nescio
477 374 626 453 quomodo
654 376 732 435 enim
761 376 856 435 minus
881 381 1007 434 mertem
1034 377 1124 435 timet
1171 391 1219 450 qu

232 465 331 524 minus
347 462 520 523 deliciarum
538 462 620 521 nouit
634 461 664 520 in
681 461 750 519 uita.

315 546 377 608 llll.
417 546 515 614 Nunc,
533 563 589 625 qua
606 553 700 605 aetate
716 543 824 605 milites
840 542 898 620 legi
914 545 1082 612 conueniat,
1103 537 1231 622 explol

232 651 341 692 remus.
386 631 421 692 Et
442 631 576 711 quidem,
600 632 624 690 si
643 631 763 708 antiqua
782 628 965 688 consuetudo
981 627 1136 688 seruanda
1160 637 1227 695 est,

206 718 422 796 tincipientem
453 715 640 795 pubertatem
670 713 706 774 ad
737 712 875 774 dilectum
906 713 1071 790 cogendam
1107 711 1232 778 nullus

231 805 364 880 ignorat;
388 819 449 861 nou
472 801 549 860 enim
570 805 683 859 tantum
705 798 832 858 celerius
853 797 904 857 sed
927 779 1232 873 etiampersectiusl

232 885 397 946 inbuuntur
427 903 501 965 quae
518 884 670 944 discuntur
686 901 701 942 a
718 884 829 962 pueris.
860 881 970 943 Deinde
987 881 1132 942 militaris
1150 860 1232 950 ala-l

232 972 336 1038 critas,
360 968 453 1030 sallus
475 977 504 1029 et
525 985 630 1028 cursus
646 976 714 1029 ante
732 966 919 1046 temptandus
941 974 999 1034 est,
1023 984 1116 1045 quam
1142 985 1219 1026 cor·-

232 1073 288 1133 pus
310 1061 404 1116 aetate
426 1055 583 1131 pigrescat.
628 1052 775 1113 Uelocitas
796 1051 874 1112 enim
896 1056 940 1111 est
960 1067 1035 1130 quae
1057 1062 1221 1129 percepto

195 1159 218 1200 ιι
233 1140 375 1199 exercitio
401 1144 555 1199 strenuum
582 1138 670 1198 esticit
697 1135 881 1198 bellatorem.
925 1134 1144 1196 Adulescentes
1169 1134 1218 1194 le-

231 1222 320 1302 gendi
341 1233 423 1290 sunt.
452 1224 526 1284 sicut
552 1223 591 1283 ait
612 1220 766 1282 Sallustius
794 1220 868 1280 ‘lam
895 1219 983 1280 simul
1005 1238 1039 1280 ac
1059 1222 1214 1279 iuuentus
1232 1239 1233 1292 ι

232 1307 303 1369 belli
324 1309 438 1386 patiens
466 1315 542 1377 erat,
569 1309 599 1366 in
622 1307 728 1367 castris
749 1323 801 1384 per
823 1303 955 1364 laborem
982 1323 1039 1364 usu
1065 1303 1213 1366 militiam
1232 1301 1233 1352 l

232 1391 409 1453 discebant?
453 1392 557 1453 Melius
577 1393 655 1452 enim
673 1399 731 1458 est,
754 1398 794 1450 ut·
802 1391 979 1450 exercitatus
994 1390 1115 1448 iuuenis
1133 1408 1209 1449 cair-

232 1485 315 1538 setur
336 1486 460 1538 aetatem
484 1476 615 1537 nondum
637 1475 793 1536 aduenisse
808 1473 974 1554 pugnandi,
997 1491 1086 1552 quarn
1104 1473 1210 1533 doleat

196 1589 220 1628 ιε,
233 1563 422 1640 praeterisse.
469 1559 581 1621 Habeat
610 1561 697 1620 etiam
729 1560 855 1639 spatium
885 1561 1025 1618 uniuersa
1055 1558 1206 1618 discendi.
1233 1551 1234 1640 l

232 1645 334 1724 Neque
357 1647 436 1705 enim
458 1663 549 1724 parua
571 1653 621 1704 aut
635 1643 711 1704 leuis
733 1662 781 1704 ars
801 1643 921 1703 uidetur
941 1661 1111 1710 armorum,
1141 1645 1208 1702 siue
1233 1641 1234 1724 l

233 1731 363 1806 equitem
385 1732 448 1790 siue
469 1729 599 1809 peditem
621 1729 806 1806 sagittarium
823 1727 897 1788 uelis
912 1725 1037 1787 inbuere
1053 1729 1119 1787 siue
1136 1745 1206 1788 scu-

233 1822 340 1884 tatum,
370 1821 538 1890 armaturae
560 1831 701 1873 numerus
723 1831 827 1872 omnes
847 1829 1009 1890 omnesque
1030 1821 1135 1889 gestus
1151 1812 1205 1872 dc·

232 1917 315 1967 cere,
341 1917 378 1959 ne
399 1899 497 1959 locum
514 1898 646 1965 deserat,
670 1916 709 1957 nc
725 1896 845 1957 ordines
859 1895 972 1964 turbet,
999 1905 1031 1956 ut
1046 1895 1158 1958 missile
1176 1907 1204 1956 et

194 2009 218 2048 ιο
233 1983 380 2044 destinato
400 1985 462 2044 ictu
484 1991 513 2043 et
527 1983 641 2059 niagnis
657 1981 767 2043 viribus
783 1983 884 2049 iaciat,
907 1989 939 2040 ut
954 1981 1062 2042 lessam
1079 1979 1201 2044 ducere.

249 2183 280 2232 V.
295 2185 326 2234 L.
382 2189 393 2234 l
413 2184 503 2235 neseio
517 2184 588 2233 enim
607 2181 740 2248 quomodo
753 2184 778 2232 P

301 2250 366 2301 Car.
379 2252 444 2302 IIII.
488 2252 555 2300 4Et
567 2249 687 2316 quidem]
699 2247 1069 2315 Equidemeudendorpius
1103 2251 1200 2301 iinci-

231 2320 326 2384 piente
339 2320 485 2385 pubertate
500 2319 546 2380 ΟΡ
579 2317 729 2383 cogendum
742 2317 902 2380 tyronemQ
946 2315 1198 2385 tinbuuntur]tm-

231 2387 363 2438 bibuntur
376 2385 393 2437 d
406 2391 479 2453 arripe
492 2387 641 2437 induuntur
654 2385 848 2450 Oudendorpius
887 2387 917 2434 11
932 2382 1059 2435 salustius
1068 2385 1096 2436 Π
1128 2388 1150 2436 N
1153 2403 1196 2436 am

233 2453 347 2505 simulac
361 2454 489 2505 iuuentus
503 2453 569 2504 belli
582 2452 693 2518 patiens
702 2458 762 2503 arat
774 2453 803 2502 in
816 2452 914 2502 castris
922 2467 939 2515 p
953 2453 1074 2503 laborem
1088 2453 1133 2504 usu
1146 2455 1195 2502 mi-

231 2521 293 2570 litiu
308 2523 333 2583 (ῖι
344 2523 387 2586 rb)
402 2522 545 2572 discebant
557 2521 581 2569 A
601 2536 627 2569 n.
641 2519 718 2570 limul
732 2519 869 2570 aduentus
877 2521 945 2570 belli
958 2519 1072 2585 paciens
1080 2535 1101 2569 e.
1115 2521 1132 2570 i.
1144 2537 1165 2570 c.
1181 2541 1196 2584 p

231 2588 355 2639 laborem
373 2589 421 2638 usu
439 2588 567 2637 militiam
582 2585 660 2650 (eurr.
673 2603 708 2637 ecc
720 2587 797 2648 mal}
810 2587 952 2638 discebant
964 2587 996 2637 Μ
1018 2603 1044 2636 n.
1058 2587 1132 2638 simul
1146 2591 1192 2639 ad-

233 2655 364 2706 uentusb.
375 2655 490 2720 paciens
496 2671 519 2706 e.
531 2655 549 2704 i.
558 2670 581 2704 c.
593 2670 610 2718 p
620 2651 743 2704 laborem
754 2651 802 2705 usti
812 2655 928 2706 militine
939 2655 1082 2706 discebant
1092 2655 1111 2716 Q
1122 2672 1148 2706 n.
1160 2658 1193 2708 li-

232 2721 322 2773 mulac
335 2722 463 2773 iuuentus
476 2723 503 2772 b.
518 2739 544 2788 p.
558 2737 581 2772 c.
595 2725 613 2774 i.
627 2737 651 2772 c.
665 2737 682 2785 p
695 2722 815 2772 laborem
832 2720 880 2772 ulii
899 2723 997 2772 militie
1015 2721 1152 2773 discebant
1165 2723 1195 2774 Π

232 2805 258 2842 ιι.
271 2789 288 2839 s.
300 2789 317 2842 i.
328 2791 353 2840 b.
364 2807 391 2856 p.
402 2806 426 2841 e.
437 2791 454 2841 i.
466 2805 489 2840 c.
501 2806 527 2856 p.
539 2789 644 2841 laboris
654 2787 701 2841 ussi
711 2787 812 2839 militiai
822 2789 966 2840 discebant
975 2787 1019 2840 dP
1035 2806 1060 2840 n.
1072 2790 1191 2842 simulata

234 2857 398 2909 iuuentusb.
412 2875 438 2924 p.
452 2873 476 2910 e.
489 2859 507 2910 i.
522 2873 545 2910 c.
564 2873 582 2922 p
601 2858 725 2908 laborum
746 2855 794 2907 ussi
808 2857 906 2907 mittut
925 2857 1101 2907 discebautG
1132 2859 1188 2909 lam

232 2926 362 2976 iuuentus
375 2926 487 2976 rimulae
500 2925 527 2976 b.
541 2943 566 2992 p.
581 2941 604 2976 e.
617 2926 635 2977 i.
649 2941 671 2976 c.
685 2943 710 2992 p.
725 2923 829 2975 laboris
841 2925 916 2974 ultim
932 2924 1062 2975 miliciam
1075 2926 1191 2978 discebat

233 2991 298 3045 Glsr.
334 2993 391 3042 lain
409 2995 524 3058 primum
542 2993 671 3044 iuuentus
684 2993 797 3044 simulac
809 2991 836 3042 b.
851 3009 877 3058 p.
892 3009 925 3049 e.,
937 2993 956 3043 i.
971 3008 994 3041 c.
1012 3008 1060 3058 per
1075 2993 1188 3044 laborem

232 3057 279 3109 usu
293 3058 418 3109 militiam
431 3061 554 3110 discebat
567 3061 702 3111 Sallustius
714 3061 770 3112 snt.
785 3061 808 3115 l.
823 3063 839 3108 l
853 3062 902 3121 (ed.
916 3061 1037 3124 Iordnn).
1103 3061 1131 3110 16
1149 3063 1187 3110 ui-

231 3125 329 3176 dentur
342 3123 369 3175 ll
423 3129 452 3178 li
466 3127 638 3192 sagittarium
651 3123 727 3192 uelis]
742 3125 794 3178 All
812 3127 828 3176 s.
842 3127 925 3177 uellis
934 3129 969 3178 M
990 3128 1009 3179 s.
1022 3126 1102 3177 bellis
1110 3127 1157 3193 ΟΡ,
1164 3129 1190 3178 V

234 3191 441 3258 sagittariumue
454 3195 527 3244 uelis
537 3197 560 3244 D
640 3195 775 3249 imbuere,
796 3195 851 3244 siue
864 3195 998 3244 lentatum
1011 3209 1035 3244 a.
1049 3198 1123 3260 culpo.

234 3263 263 3312 18
283 3262 410 3312 numeres
420 3259 557 3326 [omnesle
627 3265 660 3314 ‘20
678 3261 842 3312 destinatum
856 3263 942 3312 ictum
957 3258 1010 3330 [et]
1027 3261 1047 3322 Q

248 3411 275 3462 S.
289 3413 320 3462 L.
373 3413 564 3464 tidiliciarum
579 3417 608 3477 A,
673 3413 738 3462 Cur.
756 3413 820 3464 1111.
866 3407 1061 3478 Gpersectius]
1078 3413 1187 3476 pientius

232 3481 253 3529 A
300 3481 314 3530 7
333 3479 490 3530 imbuuntur
503 3479 532 3532 Π
601 3483 632 3532 19
650 3477 755 3546 turbet]
777 3479 864 3530 turbit
877 3485 908 3544 A.
970 3483 1003 3532 20
1022 3480 1140 3532 distinato
1153 3483 1181 3532 Α1

268 3545 364 3610 iaciat}
380 3551 469 3598 iacent
485 3551 514 3613 A.
