2520 4044
215 232 275 296 112
591 232 663 285 nib.
683 231 737 290 111,
756 232 797 280 aa.

214 388 262 448 die
283 393 346 447 orta
367 402 435 446 cum
456 382 686 452 intellexissent,
709 401 768 444 non
791 391 914 462 possent
934 382 1225 462 conprehendere

215 470 440 552 praecedentes.
485 469 643 530 Praeterea
669 466 744 530 leuis
765 476 914 528 armatura
936 467 1225 547 praemittebatur

215 558 250 617 ad
267 555 366 627 colles,
385 555 421 616 ad
438 572 512 632 quos
529 553 625 615 subito
642 561 719 614 totus
734 561 929 614 reuocaretur
946 554 1106 622 exercitae,
1121 561 1153 614 et
1182 556 1225 613 si

215 643 316 704 hostes
330 641 447 720 insequi
464 638 636 707 uoluissent,
650 657 665 698 a
682 637 742 700 leui
756 645 915 705 armatura,
927 655 1003 716 quae
1015 645 1085 698 ante
1099 656 1223 698 occu·

190 735 338 807 spanerat
353 725 459 793 locurn,
477 723 583 784 additis
599 723 746 800 equitibus
760 722 971 783 fundebantur.
1011 720 1090 782 Nihil
1111 725 1222 784 enim

217 810 412 891 periculosius
429 809 610 878 existimant,
633 825 722 884 quarn
738 809 762 867 si
777 806 944 868 inconsulte
959 807 1223 886 insequentibus

217 895 254 958 ab
270 896 326 963 bis,
346 894 441 972 quiin
459 891 598 954 subsessa
614 893 725 953 suerint
740 891 788 953 uel
805 893 855 971 qni
871 901 939 952 ante
955 910 987 951 se
1003 894 1220 970 paranerint,

218 980 403 1041 obseruator.
449 977 511 1038 Hoc
533 985 650 1055 ternpus
673 987 731 1047 est,
753 996 812 1056 qno
833 986 979 1056 oportune
1002 975 1224 1038 collocantur·

218 1063 354 1133 insidiae,
378 1063 444 1144 qula
466 1062 611 1123 aduersus
631 1062 779 1140 fugientes
795 1064 889 1123 maior
904 1061 1026 1121 audacia
1043 1069 1074 1121 et
1089 1064 1220 1122 minor

181 1169 206 1208 ao
219 1167 288 1212 cora
300 1155 353 1209 est.
376 1147 550 1209 Necessario
567 1154 664 1208 autern
681 1145 807 1225 amplior
823 1148 968 1206 securitas
980 1148 1103 1224 grauius
1117 1145 1222 1208 solet
1253 1143 1254 1152 ’

218 1233 329 1297 habere
345 1233 514 1293 discrimen.
545 1232 699 1311 inparatis,
716 1231 815 1291 cibum
832 1229 1025 1310 capientibus,
1038 1233 1070 1290 in
1083 1231 1219 1292 itinere

219 1321 316 1386 lassis.
341 1336 434 1395 equos
455 1335 523 1378 suos
538 1314 728 1396 pascentibus
750 1334 784 1375 ac
800 1316 872 1375 nihil
896 1314 954 1376 talc
969 1315 1220 1394 suspicantibus

220 1411 417 1484 superucntns
438 1401 573 1462 adsolent
592 1402 667 1461 lieri.
712 1400 797 1470 Quod
819 1408 849 1459 et
865 1399 949 1460 nobis
970 1400 1132 1461 uitandum
1154 1411 1215 1461 est

222 1501 250 1551 et
276 1489 354 1550 lrosti
378 1489 408 1548 in
435 1487 579 1548 eiusmodi
610 1484 818 1546 occasionibus
848 1487 997 1563 pernicies
1021 1485 1219 1546 inserenda.

183 1589 209 1630 rs
221 1575 283 1635 Hoc
305 1575 383 1634 eninr
407 1589 477 1632 casu
498 1571 648 1649 obpressis
664 1588 719 1630 nec
735 1574 830 1630 uirtus
845 1577 942 1648 potest
958 1587 1013 1631 nec
1029 1567 1215 1631 multitudo
1254 1565 1255 1572 '

220 1658 372 1737 prodesse.
404 1655 461 1726 Qui
476 1657 505 1715 in
523 1657 585 1716 acie
603 1653 719 1732 publica
735 1656 867 1715 uincitur
884 1672 996 1732 pugna,
1020 1653 1090 1714 licet
1106 1661 1142 1715 et
1159 1655 1212 1716 ibi

221 1761 270 1802 ars
291 1741 447 1820 plurimum
471 1742 579 1817 prosit,
603 1749 701 1801 tamen
718 1739 753 1799 ad
771 1739 974 1800 defensionem
991 1756 1075 1799 snam
1093 1748 1212 1818 potest

222 1827 364 1888 adcusare
386 1827 549 1892 tor-tunam,
575 1827 624 1900 qni
647 1843 720 1885 nero
742 1833 956 1903 superuentum
977 1822 1101 1884 insidias
1119 1824 1206 1886 sub-

222 1930 320 1972 sesses
336 1929 442 1989 passus
458 1917 511 1981 est,
530 1909 646 1986 culpam
662 1927 746 1969 suanr
764 1928 822 1968 non
838 1916 938 1988 potest
952 1926 1105 1976 excusare,
1128 1913 1210 1989 quia

186 2017 211 2057 ro
224 1996 295 2056 baec
311 1996 405 2056 uitare
420 1995 516 2073 potuit
533 2002 562 2054 et
578 2010 632 2072 per
647 1993 849 2072 speculatores
865 1993 989 2055 idoneos
1001 2000 1068 2054 ante
1081 2011 1208 2072 cogno·

227 2113 429 2124 ........--.—--—

241 2182 317 2230 tto.
372 2175 548 2246 l[dieo.]d
600 2179 787 2243 2pcedentes
796 2181 822 2230 A
873 2177 1158 2244 antiquorumque
1174 2181 1208 2232 α’

224 2249 259 2299 ad
272 2247 327 2312 quei
340 2248 361 2298 d
375 2243 424 2313 [ed
438 2243 479 2313 q.]
494 2248 508 2298 l.
521 2262 574 2311 qno
589 2245 784 2311 Oudendorpr'us
818 2251 834 2298 3
853 2246 927 2296 tolus
936 2247 1092 2298 Kortttonus
1106 2250 1121 2296 2
1139 2249 1207 2300 Ste-

224 2333 332 2385 wecdlus
349 2312 420 2383 lolus
438 2331 497 2394 (loc
510 2331 524 2382 s
536 2348 553 2382 a
569 2334 719 2382 rnanneatls
735 2333 840 2396 antiqua
857 2333 1032 2393 corcodrillum,
1046 2347 1097 2380 non
1110 2332 1146 2382 ab
1162 2349 1208 2386 eo.

226 2417 290 2468 qnae
301 2402 397 2466 passim
409 2402 474 2452 bone
485 2402 596 2452 codicem
608 2401 725 2451 correxit
738 2398 805 2464 (XV
815 2398 934 2462 caecubi)
948 2401 970 2450 A
982 2403 1043 2449 tuto
1058 2399 1123 2462 Gprr

226 2474 242 2522 3
260 2475 488 2533 reuocarenturp
574 2469 590 2517 4
608 2467 694 2518 hostis
703 2493 736 2502 —
748 2465 915 2518 noluissetis
1004 2467 1022 2516 4
1040 2482 1208 2533 occupaue-

226 2540 315 2587 rante
368 2537 383 2587 δ
403 2535 590 2585 fundebantur
605 2535 681 2586 GHP
692 2534 861 2585 fundebatur
873 2531 922 2586 cc'd
936 2535 1084 2584 funderent
1098 2537 1122 2586 l.
1138 2536 1207 2586 sun-

227 2605 290 2654 dere
305 2601 326 2663 Q
339 2601 562 2652 defandebentur
574 2601 715 2652 Steweclrio
728 2611 834 2654 anctore
846 2602 1015 2653 Schwedelr'ue
1073 2603 1088 2652 ‘l
1107 2602 1135 2653 se
1152 2619 1208 2668 pr.-

227 2667 361 2735 reuerint]
386 2668 582 2734 repedeuerint
595 2668 626 2720 H
751 2672 766 2721 8
790 2671 949 2720 obseruetur
967 2671 1006 2721 εΡ
1021 2668 1152 2720 obuietur
1171 2669 1205 2721 π’

227 2737 406 2790 obsecrentur
424 2735 461 2798 (et
478 2745 555 2786 antea
573 2735 755 2801 insequentes)
774 2740 847 2804 unlpo
939 2739 955 2787 8
977 2738 1038 2788 Hoc
1056 2736 1124 2801 (quo
1142 2740 1205 2804 μΡ)

226 2803 337 2871 tompus
344 2805 382 2856 est
395 2819 447 2868 quo
465 2801 528 2869 [quo
542 2800 592 2870 lP]
608 2820 632 2858 ο.
646 2820 668 2854 c.
684 2803 828 2868 (collocari
841 2807 876 2870 P)
889 2807 907 2855 i.
922 2806 987 2870 quie
1003 2805 1035 2874 (q
1047 2804 1086 2860 Π)
1099 2805 1205 2858 aduer-

228 2874 283 2924 sum
302 2873 358 2938 sug.
377 2888 410 2926 m.
425 2888 450 2923 e.
469 2887 492 2922 e.
511 2888 546 2923 m.
567 2888 590 2925 c.
605 2888 627 2924 e.
645 2872 731 2924 rubris
747 2871 904 2938 titterirlpro
922 2877 994 2926 titulo
1009 2874 1159 2924 scribuntur
1177 2877 1204 2924 a'n

229 2943 269 2993 rP
328 2943 358 2990 11
376 2937 447 3006 inp]
462 2940 494 2990 In
507 2939 654 3006 imperetis
662 2937 692 2990 π’
764 2943 795 2991 15
815 2937 904 3008 [casu]
919 2943 953 2993 M
963 2958 980 2992 a
992 2945 1007 2991 2
1020 2944 1046 2992 iu
1057 2957 1138 3004 marp.
1152 2945 1204 2992 ad·

229 3011 305 3059 ditum
359 3012 390 3058 16
403 3009 449 3072 qui
462 3006 491 3058 π’
506 3007 572 3072 quie
586 3010 625 3059 sP
636 3007 702 3072 quie
716 3009 764 3072 qui
775 3012 849 3074 nnlpo
899 3011 930 3059 16
943 3005 1070 3075 publico]
1084 3008 1203 3074 publice

229 3075 303 3142 quil.
377 3078 408 3126 17
426 3073 814 3140 desensionemJolienlionem
828 3073 860 3126 A’
940 3075 1202 3128 20uilereA'eui·

229 3149 289 3194 tere
302 3159 322 3208 p
336 3147 364 3194 et
376 3145 468 3194 uitare
480 3159 501 3193 π

248 3299 276 3351 S.
287 3299 320 3348 L.
380 3300 394 3347 1
413 3291 486 3362 orte]
502 3295 582 3346 horte
596 3309 609 3346 ε
691 3298 704 3345 1
723 3293 842 3364 pollent]
858 3298 960 3363 pollint
973 3314 992 3348 α
1003 3296 1077 3363 posse
1091 3298 1121 3348 Π

233 3365 407 3431 lcompr.H
450 3361 720 3429 soontoeanturo'p
768 3365 798 3414 11
819 3362 921 3430 cibum]
937 3366 1026 3415 ciuem
1039 3367 1071 3429 A,
1107 3360 1197 3430 12⁸0]

230 3433 284 3483 boo
297 3431 325 3483 α’
395 3435 427 3482 13
446 3427 636 3497 superucntns]
652 3431 831 3496 superuenlos
839 3431 867 3482 α’
939 3436 970 3483 13
989 3432 1106 3484 elicient
1118 3430 1149 3481 11

235 3504 263 3550 14
276 3496 358 3568 hosti]
371 3497 456 3551 hostis
465 3499 492 3550 Π
531 3501 563 3548 lb
576 3498 709 3563 oppressis
719 3500 781 3552 Mn
817 3502 848 3550 16
860 3496 993 3568 uincitur]
1007 3501 1135 3550 uincetur
1147 3516 1164 3549 or

232 3569 264 3616 16
277 3573 305 3618 et
317 3565 368 3635 ibi]
381 3572 409 3618 et
421 3567 473 3618 tibi
482 3562 513 3617 A'
552 3567 583 3616 18
596 3567 725 3618 accusare
738 3565 806 3619 dm
841 3569 872 3618 18
885 3565 1035 3634 fortunam]
1050 3567 1199 3618 fortunali
