2520 4044
212 247 272 314 138
555 251 828 315 uau.1111,1o.1a.
969 280 974 292 -

295 404 367 465 XVl.
392 404 540 466 Musculos
556 405 657 466 dicuni
669 406 798 465 minores
808 403 970 474 machinas,
984 405 1103 484 quibus
1119 426 1213 486 pro·

210 490 280 550 tecti
295 489 453 550 bellatores
469 490 607 550 sudatum
621 489 758 550 auferunt
770 491 913 558 ciuitatis;
930 491 1079 551 fossatum
1096 495 1212 552 etiarn
1243 503 1244 569 1

210 573 372 653 adportatis
395 573 540 654 lapidibus
566 575 654 652 lignis
676 593 708 635 ac·
730 583 808 635 terra
839 593 897 635 non
919 573 1014 634 solum
1037 577 1214 655 conplent
1243 575 1244 668 l

211 659 262 718 sed
285 660 372 719 etiam
395 659 536 728 solidant,
568 668 601 720 ut
623 666 721 720 turres
743 658 955 719 ambulatoriae
976 661 1041 720 sine
1066 661 1212 740 inperii·
1243 671 1244 752 1

184 747 312 804 ⁵mento
333 745 491 820 iungantur
512 743 547 803 ad
570 761 698 803 murum.
743 745 893 804 Vocantur
909 751 1038 809 autema
1059 749 1213 806 marinis
1243 757 1244 808 i

211 827 307 888 beluis
333 825 476 895 musculi:
508 846 574 888 nam
598 828 846 905 quemadmodum
867 828 925 899 illi,
956 847 1022 889 com
1046 830 1210 891 minores
1243 813 1244 908 l

210 915 282 979 sint,
304 918 401 976 tamen
420 910 543 971 ballonis
559 912 699 972 auxilium
716 911 985 992 adminiculumque
1000 915 1121 991 iugiter
1144 935 1209 976 ex·

209 995 328 1064 hibent,
354 997 393 1056 ita
415 997 488 1057 istae
504 995 658 1056 machinae
674 995 828 1058 breuiores
846 995 922 1078 [uel]
940 998 1104 1076 deputatae
1126 1009 1207 1062 tur·
1243 1033 1244 1074 t

209 1079 292 1140 ribus
305 1081 420 1157 magnis
433 1081 562 1141 aduentu
575 1078 691 1141 illarum
705 1090 809 1160 parant
821 1084 898 1142 uiam
911 1083 1080 1162 itineraque
1094 1101 1207 1161 prae·
1243 1093 1244 1156 j

172 1165 354 1224 timonium.
390 1163 478 1226 XVll.
495 1165 608 1226 Turres
621 1174 718 1226 autern
730 1166 871 1228 dicuntur
887 1167 1136 1229 machinamenta
1159 1171 1203 1230 ad
1243 1163 1244 1214 i

210 1249 412 1310 aedificiorum
428 1251 557 1329 speciem
571 1269 606 1310 ex
618 1250 752 1312 trabibus
769 1250 965 1330 tabulatisque
978 1260 1131 1329 conpacta
1154 1265 1201 1326 et,

210 1353 248 1394 ne
265 1342 379 1395 tantum
395 1353 470 1414 opus
485 1335 585 1395 hostili
603 1343 810 1396 concremetur
822 1336 970 1404 incendio,
985 1335 1201 1411 diligentissi-
1243 1337 1244 1418 l

209 1437 257 1479 me
273 1437 307 1478 ex
325 1419 426 1479 crudis
442 1421 531 1480 coriis
545 1419 592 1480 uol
608 1420 784 1480 centonibus
799 1423 989 1486 communita,
1003 1419 1117 1500 quibus
1131 1441 1200 1500 pro
1243 1433 1244 1484 l

210 1502 296 1562 modo
313 1501 475 1564 altitudinis
490 1504 608 1564 additur
624 1504 755 1564 latitudo.
791 1504 863 1565 Nam
880 1504 1028 1565 interdum
1045 1508 1200 1569 tricenos
1243 1499 1244 1550 l

171 1594 196 1634 ¹⁵
209 1587 299 1666 pedes
315 1605 369 1665 per
382 1588 526 1666 quadrum
545 1589 694 1648 interdum
711 1588 918 1667 quadragenos
934 1588 980 1649 uel
993 1590 1196 1670 quinquage·
1243 1575 1244 1666 l

210 1689 264 1731 nos
279 1669 354 1731 latae
371 1679 448 1732 sunt.
476 1671 644 1733 Proceritas
660 1680 756 1733 autem
773 1674 902 1752 ipsarum
919 1682 998 1735 tanta
1015 1674 1055 1742 iit,
1073 1683 1194 1737 utnon
1243 1683 1244 1758 ζ

209 1754 304 1816 solum
323 1773 423 1816 muros
438 1756 488 1816 sed
503 1758 588 1818 etiam
601 1765 700 1819 turres
711 1757 841 1836 lapideas
853 1757 1008 1818 altitudine
1021 1771 1191 1836 superent.
1243 1773 1244 1844 1

121 1887 122 1893 ,
208 1840 259 1900 His
274 1839 376 1918 plures
392 1848 474 1902 rotae
490 1842 660 1902 mechanica
677 1849 740 1902 arte
757 1840 933 1913 subduntur,
951 1861 1077 1922 quarum
1091 1843 1189 1924 lapsu
1243 1849 1244 1914 i

209 1922 333 1984 uolubili
355 1924 526 2000 magnitudo
551 1932 609 1986 tam
632 1926 728 2004 ampla
750 1934 915 1988 moueatur.
961 1928 1110 1989 Praesens
1129 1949 1191 1990 au·
1243 1949 1244 1968 t

170 2011 196 2053 ²0
209 2015 268 2069 tem
294 2007 459 2087 periculum
486 2010 614 2070 ciuitatis
640 2017 698 2078 ost,
727 2013 751 2071 si
773 2011 808 2071 ad
832 2031 947 2073 murum
974 2011 1064 2072 luerit
1087 2019 1190 2076 turris

208 2091 335 2152 admota.
380 2087 491 2154 Plures¹
511 2096 589 2162 enim
616 2096 723 2173 accipit
749 2096 842 2156 scalas
867 2106 896 2157 et
918 2096 1037 2156 diuerso
1064 2114 1187 2172 genere
1243 2129 1244 2184 ;

209 2185 332 2237 conatur
351 2178 533 2257 inrumpere.
580 2179 653 2240 Nam
676 2180 705 2239 in
727 2179 919 2241 interioribus
935 2179 1025 2240 babet
1041 2183 1184 2253 arietem,

209 2264 294 2322 cuius
313 2263 424 2341 impeto
447 2262 574 2324 destruit
595 2282 711 2332 muros.
735 2265 813 2325 circa
830 2264 955 2325 mediam
973 2283 1044 2325 uero
1061 2276 1183 2344 partem
1243 2273 1244 2332 i

225 2397 256 2448 V.
270 2398 303 2449 L.
351 2395 505 2449 Camlivl.
552 2395 1184 2468 2ludatiauieruntelliudatiauferuntP2
1243 2399 1244 2466 l

208 2468 233 2514 ia
246 2469 262 2518 l,
276 2481 313 2520 er.
327 2464 346 2515 si
359 2463 419 2514 lutri
434 2465 538 2515 offuent
554 2467 579 2514 V
590 2466 610 2515 ii
623 2463 683 2516 lutri
694 2466 812 2516 obfuerit
825 2467 848 2514 I)
861 2473 885 2516 et
897 2469 952 2516 sine
965 2467 1040 2516 dubio
1053 2469 1085 2531 P,
1101 2467 1182 2520 lude·
1243 2469 1244 2504 ἕ

207 2539 265 2581 tum
278 2533 524 2595 auferuntLtpsius
536 2531 579 2594 (lt.
594 2533 649 2582 Mil.
664 2535 695 2594 V,
708 2533 737 2593 b)
794 2527 1036 2600 dciuitatel[;]ll
1088 2538 1182 2586 5mu·
1243 2575 1244 2592 r

209 2596 278 2662 rum]
293 2599 384 2648 muros
393 2614 413 2648 π
448 2598 1038 2666 7balleniiObalaenilqromumticidocent
1073 2599 1179 2670 8[uel]
1243 2659 1244 2664 ,

210 2664 358 2730 deputatae
371 2667 445 2730 noluo
457 2666 503 2715 uel
514 2666 574 2731 dep.
586 2666 664 2731 aHP²
673 2667 755 2717 ualde
767 2673 821 2732 put.
835 2666 944 2719 dualde
956 2669 1017 2733 dep.
1027 2670 1091 2720 Pae
1101 2672 1183 2722 uelut

208 2734 330 2798 coqitauit
343 2732 538 2798 Oudendorpa'us
584 2735 599 2784 9
619 2732 741 2784 aduentu
753 2733 817 2785 A'o'
833 2735 954 2786 aduentu
965 2738 990 2787 P
1000 2736 1137 2790 aduentui
1149 2757 1169 2804 μ

209 2798 275 2850 Otr.
289 2799 375 2854 XVII.
434 2803 463 2849 11
486 2795 543 2866 [ex]
558 2802 632 2866 culco
714 2805 744 2852 13
764 2804 930 2852 communita
944 2803 1044 2868 quibui
1052 2805 1089 2854 πλ
1104 2821 1180 2857 com-

208 2869 296 2918 munit
310 2884 326 2918 a
339 2867 439 2934 quibui
449 2884 467 2918 α
481 2870 661 2918 communitur
677 2869 777 2933 quibus
786 2872 819 2932 Αξ
836 2871 990 2928 Stewecdiur
1065 2875 1096 2923 15
1116 2873 1177 2941 uel]

209 2950 242 2984 ao
255 2935 284 2986 Π
330 2940 360 2986 17
381 2931 554 3003 [altitudine]
569 2933 598 2984 Π
646 2938 677 2986 18
696 2935 740 2986 his
749 2935 843 3002 plures
851 2935 941 3002 rotae}
957 2937 1102 2990 bisantem
1119 2956 1179 2991 cra·

207 3002 251 3051 tes
261 3003 290 3053 Π
363 3006 393 3054 18
413 2999 538 3071 quarum]
553 3003 621 3068 quus
630 3001 661 3052 Π
733 3006 764 3054 19
782 3002 911 3070 uolubili]
927 3005 1061 3055 immobili
1076 3005 1105 3056 ll

208 3070 239 3119 to
258 3067 413 3136 moueatur]
430 3068 593 3120 moraturi]

224 3169 297 3220 S.L.
346 3171 500 3224 Gauxvl.
547 3171 776 3238 bapportatisli
828 3172 1045 3238 3complentll
1089 3178 1177 3227 denr-

206 3238 364 3289 bulaturiae
377 3240 399 3288 A
471 3241 488 3287 4
501 3239 696 3304 impedimento
708 3237 739 3290 Π
791 3244 807 3291 b
820 3236 981 3307 iungantur]
997 3243 1129 3306 iugantur
1141 3247 1175 3310 A,

275 3255 515 3372 dbeluislualuii
524 3306 555 3357 Π
620 3307 931 3372 bquemummodumli
988 3310 1179 3362 iexibentll

275 3376 290 3422 9
308 3370 420 3440 parunt]
434 3379 515 3437 parat
528 3373 557 3423 Π
626 3373 692 3424 (lae.
705 3375 793 3428 XVII.
848 3378 879 3426 10
897 3371 993 3441 turres]
1008 3377 1092 3427 turris
1100 3377 1129 3427 α’

208 3440 237 3487 11
258 3440 385 3490 treuibui
394 3441 437 3505 Αμ
517 3442 545 3490 11
566 3448 711 3506 compacta
724 3441 753 3491 Π
826 3442 857 3491 16
875 3440 1006 3506 tricenos]
1021 3447 1153 3497 trecenos
1161 3463 1174 3498 a

259 3509 290 3556 18
308 3507 405 3556 rothae
418 3508 449 3568 A,
507 3509 540 3554 ‘22
559 3507 753 3572 irrumpereH
799 3510 832 3558 113
849 3505 977 3575 destruit]
993 3509 1141 3564 destructe
1243 3513 1244 3526 ¹

206 3572 239 3620 23
257 3570 388 3638 mediam]
403 3571 494 3622 medie
507 3570 536 3622 α’
606 3576 639 3625 23
657 3569 773 3640 partem]
789 3578 866 3640 perte
878 3575 915 3628 M
