2500 4034
190 265 242 314 xn
596 251 749 302 Praefatio.
1248 263 1249 330 9

91 477 95 484 s
188 405 670 481 p.153‚4-salot‚4-t.
715 409 784 464 mn
803 410 932 478 «ocean,
954 415 986 464 a
1005 412 1168 480 saprum

189 493 466 567 penoriseodtcibus
480 493 653 565 subscriptio
664 493 715 548 itta
726 489 954 565 Eutropiana*)‚
968 509 1054 566 quam
1063 509 1166 568 snpra
1248 489 1249 550 ζ

187 580 370 651 protuiinns,
385 578 468 646 odat,
483 582 588 634 contra
599 581 627 633 in
640 579 733 633 attero
745 579 784 634 nit
796 579 855 634 tale
866 583 1044 650 compareat.
1079 577 1167 636 Unde
1248 565 1249 642 J

190 677 227 720 ne
241 665 306 736 quis
321 677 365 732 ea,
379 662 482 735 quibus
496 677 509 715 ε
525 663 562 717 ab
576 677 600 716 n
613 663 768 734 discrepet,
782 663 822 718 ad
835 662 1009 734 Eutropium
1024 665 1165 720 emenda-
1248 695 1249 722 t

191 755 281 804 torem
297 749 414 820 cotiipat
430 760 494 802 esse
509 745 678 818 referenda,
696 751 752 802 tria
765 749 943 818 potissimum
956 748 1164 818 impedimenta
1248 731 1249 810 f

189 838 273 888 sunt:
282 837 407 904 primurn
417 831 561 900 lemmata,
574 845 651 904 quae
662 848 680 885 a
689 835 855 902 posteriore
865 835 1010 904 scriptore
1018 831 1163 904 profecta
1248 841 1249 864 ³

189 931 281 989 supra
303 917 575 985 demonstrauimus,
597 916 720 972 duarum
736 918 852 973 itiornm
873 919 1003 973 codicum
1025 918 1163 974 ordinum
1248 913 1249 984 ᾗ

190 1007 257 1058 sunt
269 1002 437 1069 communia,
450 1000 552 1056 deinde
563 1003 592 1056 in
604 1004 718 1056 cunetis
729 1001 904 1058 codicibust.
916 1001 941 1070 I,
958 1017 984 1057 c.
995 1002 1022 1056 1.
1033 1005 1162 1073 primum
1179 1001 1185 1006 ’
1248 999 1249 1068 ζ

190 1088 368 1142 enuntiatum
383 1081 431 1141 ‘In
447 1088 567 1142 omni-
580 1085 745 1142 uictoriam’
760 1087 879 1144 etenclio
890 1087 1029 1143 librorum
1040 1092 1161 1158 postpo-
1248 1073 1249 1136 ἶ

190 1173 277 1240 nitur,
286 1177 472 1242 postremum,
489 1175 520 1226 nt
535 1171 661 1228 insiticia
672 1171 813 1244 quaedum
825 1166 860 1244 (e.
875 1169 903 1244 9’.
916 1176 1004 1232 totum
1016 1171 1107 1242 caput
1118 1169 1160 1228 26
1248 1173 1249 1238 t

189 1251 461 1326 inluminarum
473 1257 535 1326 ipso
546 1257 848 1312 uerborumconteatn
858 1258 888 1311 in
900 1256 972 1311 adeo
982 1257 1078 1312 mattis
1089 1271 1160 1312 con·
1248 1259 1249 1334 g

190 1335 316 1396 sentiunt
331 1341 417 1410 uitiis,
430 1345 462 1396 ut
477 1355 517 1396 erc
531 1357 588 1397 nno
604 1341 757 1412 eodemque
769 1341 927 1416 archetypo
938 1354 1029 1412 eoque
1040 1343 1098 1395 iam
1109 1341 1160 1396 ste-
1248 1337 1249 1384 ἶ

106 1482 109 1493 ,
186 1429 339 1495 prauatos
351 1429 412 1480 ein
423 1439 479 1482 non
490 1426 614 1496 fluxisse
625 1429 813 1496 nonpossint.
839 1423 984 1497 Sequitur,
997 1429 1029 1479 ut
1040 1428 1160 1480 etiamn:
1248 1429 1249 1438 ¹

187 1523 279 1581 penus
294 1510 334 1564 ad
347 1507 483 1580 Eutropii
495 1510 600 1565 tibrum
614 1511 786 1578 reuocetur,
809 1511 861 1565 sect
873 1512 929 1578 ita,
947 1517 978 1565 ut
991 1523 1047 1580 per
1061 1510 1157 1582 nepie-
1248 1509 1249 1560 ὲ

188 1596 314 1665 pentiam
337 1594 575 1664 subscriptionem
600 1596 680 1651 ittam
704 1598 734 1650 in
755 1594 915 1665 archetypa
942 1595 1028 1650 tinius
1053 1585 1159 1650 classii
1248 1585 1249 1628 ³

190 1679 322 1732 omissam
342 1682 515 1734 statuamus.
550 1678 613 1734 Iam
635 1693 792 1736 ueroeam
811 1681 866 1735 uia
886 1681 923 1733 stt
946 1678 1097 1747 mediate,
1120 1679 1157 1734 ab

190 1762 345 1833 Eutropio,
377 1776 459 1834 quem
487 1762 621 1819 rubricas
650 1778 763 1836 quoque
793 1762 955 1835 confecisse
980 1766 1156 1838 nepauerim
1248 1751 1249 1822 Ῑ

189 1848 293 1902 multos
321 1846 386 1902 ilios
409 1861 526 1903 errares
551 1861 616 1903 esse
641 1852 783 1917 intrusos,
816 1848 1007 1920 archetypum
1033 1849 1157 1904 omnium

190 1931 319 1988 codicum
341 1933 528 2003 superstitum
548 1932 588 1986 aci
600 1939 715 1990 sextum
732 1932 800 2004 fere
817 1933 965 1989 saeculum
984 1947 1157 2003 promouen·

188 2017 255 2070 dum
270 2029 383 2071 censeo.
1248 2015 1249 2088 ζ

274 2099 432 2173 Perpentes
452 2101 491 2156 ad
512 2101 738 2175 archetyporum
760 2104 911 2174 utriusque
935 2105 1051 2175 peneris
1070 2108 1156 2158 natu·

168 2257 169 2262 η
189 2201 254 2240 ram
270 2191 299 2240 et
313 2187 506 2242 condicionem
521 2185 735 2244 edisserendum
750 2189 919 2258 incipiemus
933 2187 970 2242 ab
985 2202 1027 2256 eo,
1044 2195 1127 2258 quem
1142 2201 1156 2238 s
1248 2189 1249 2210 t

188 2276 258 2325 noto
282 2267 482 2326 iudicauimus.
530 2267 616 2329 Cuius
639 2273 783 2344 pleraque
809 2274 879 2327 uitia
902 2299 938 2314 -
960 2277 989 2328 et
1008 2275 1075 2327 sunt
1095 2273 1156 2342 qui·
1248 2263 1249 2292 ³

188 2355 252 2410 dem
268 2355 397 2425 piurima
415 2381 450 2396 -
475 2373 494 2410 a
515 2359 694 2431 naptepentia
715 2359 886 2429 incuriaque
906 2363 934 2412 et
954 2358 1068 2412 inscitia
1084 2358 1154 2422 eins,
1248 2367 1249 2428 ς

189 2457 207 2495 a
228 2455 284 2511 quo
305 2447 348 2496 est
369 2446 527 2510 eucrotia,
549 2443 678 2513 pendere
698 2445 771 2498 satis
785 2449 828 2498 est
848 2439 1044 2512 manifestum.
1088 2440 1156 2496 Huc
1248 2437 1249 2508 ξ

186 2525 337 2594 pertinent
352 2531 490 2596 quattuor
508 2529 685 2596 potissimum
701 2533 866 2590 erratorum
880 2528 1008 2596 species.-
1037 2523 1065 2594 1)
1081 2525 1158 2597 quod
1248 2575 1249 2602 9

190 2623 230 2664 ou
245 2611 350 2664 aetatis
364 2607 516 2680 inferioris
529 2609 624 2666 indole
644 2609 672 2681 a)
687 2613 819 2683 sinputas
832 2612 946 2668 litteras
961 2609 989 2680 (o
1005 2616 1032 2666 et
1048 2625 1080 2679 n,
1103 2611 1114 2663 i
1128 2613 1156 2664 et
1248 2651 1249 2686 3

189 2707 213 2755 e,
230 2707 247 2747 c
263 2700 291 2748 et
305 2709 362 2764 ηρ
377 2699 405 2748 et
418 2691 439 2764 f
449 2691 512 2750 ‘ea’
529 2696 575 2750 aet
590 2711 613 2750 sc
625 2702 687 2765 ets,
702 2691 980 2769 uetltp.157‚i))
994 2693 1153 2765 confundit,
1248 2691 1249 2766 ζ

187 2772 218 2850 β)
235 2791 254 2830 n
272 2779 398 2833 litteram
420 2780 522 2834 ationis
539 2781 613 2836 tacis
632 2781 753 2836 intrudit
768 2787 820 2836 ont
834 2780 922 2835 abicit
939 2781 976 2846 (e.
993 2798 1020 2853 9.
1037 2782 1156 2834 vincere
1248 2795 1249 2818 ff

190 2889 228 2902 ·-
245 2864 359 2926 uicere,·
374 2865 506 2936 anpariis
523 2889 558 2906 -
577 2859 726 2938 spuriis),
743 2883 770 2920 m
786 2867 911 2921 litterum
925 2865 1052 2936 finalem,
1065 2871 1154 2936 prout
1248 2915 1249 2924 ,

187 2946 268 3014 tibet,
292 2939 375 3003 uasa
391 2954 418 3003 et
439 2950 554 3010 omittis
579 2943 611 3023 2)
628 2950 705 3022 quod
716 2951 880 3006 litterarum
894 2950 1078 3005 similitudine
1095 2946 1153 3019 sat·
1248 2939 1249 3004 ἶ

186 3033 257 3087 titur
271 3029 292 3102 (i
308 3059 345 3072 ·-·
362 3047 386 3099 c,
406 3038 415 3086 t
433 3059 467 3071 -
487 3045 512 3101 c,
529 3049 547 3087 r
564 3061 600 3074 -
617 3048 640 3103 s,
657 3035 724 3089 d--
739 3036 768 3104 ti,
784 3045 859 3088 m'-
874 3048 912 3090 nc
928 3032 995 3106 etc.)
1018 3035 1064 3090 uei
1080 3033 1152 3105 sipla

188 3131 245 3170 non
261 3115 477 3186 comprehendit
491 3115 528 3186 (e.
537 3135 565 3190 9.
576 3117 654 3174 ‘diei'
668 3124 695 3174 et
710 3114 779 3174 ‘die'
794 3145 829 3160 -
844 3119 891 3174 etei
903 3145 940 3158 -
954 3117 993 3188 sii,
1008 3113 1106 3174 ‘istae'
1115 3145 1149 3156 -
1248 3119 1249 3172 i

187 3220 312 3278 istae-
323 3213 505 3287 instructae).
536 3216 566 3290 3)
581 3220 658 3290 quart
672 3221 771 3275 omittit
793 3214 824 3294 a)
841 3221 1008 3292 saepissime
1024 3219 1153 3292 sinpntos
1248 3249 1249 3302 3

185 3301 357 3360 litterasue!
377 3295 407 3373 β)
419 3303 549 3374 sinyntas
569 3303 699 3376 syllabas
716 3301 750 3375 (e.
763 3321 790 3376 9.
810 3301 944 3360 ‘nortem’
961 3307 1007 3361 uet
1020 3301 1149 3360 ‘hostem’
1248 3321 1249 3330 ¹

189 3417 223 3428 -
244 3389 401 3456 cohortem,
433 3383 598 3458 ‘firmiores'
614 3417 656 3428 —-
677 3390 859 3461 infirmiores,
891 3387 931 3445 ‘in
957 3387 1096 3462 africam’
1115 3416 1148 3428 —
1248 3375 1249 3432 ἶ

254 3552 280 3620 ·)
299 3552 332 3602 In
346 3551 474 3602 Bernensi
485 3559 510 3602 et
522 3553 578 3604 cod.
592 3553 613 3616 Q
626 3567 686 3604 casu
699 3553 806 3608 excidit.
