2500 4034
220 239 264 304 42
599 243 661 292 nrt.
680 239 722 306 11,
742 242 765 290 e.
785 243 808 290 e.

222 395 390 475 peruenire,
435 393 526 456 Erant
541 396 628 454 etiam
646 394 849 462 centuriones,
874 394 927 473 qui
947 392 1102 471 singulas
1121 400 1228 454 centu-

222 480 282 540 rias
304 477 461 546 curabant;
489 480 539 557 qui
561 495 640 540 nunc
666 479 829 538 centenarii
852 479 1081 538 nominantur.
1134 477 1228 536 Erant

224 563 342 633 decani,
365 563 448 623 denis
463 562 605 624 militibus
620 564 794 641 praepositi,
819 563 870 640 qui
885 580 974 622 nunc
994 570 1102 639 caput
1118 570 1228 622 contu·

224 647 321 708 bernii
348 657 502 708 uocantur.
548 647 683 708 Secunda
710 647 817 706 cohors
846 645 985 709 habebat
1020 647 1228 707 centuriones

196 734 369 813 equitique
398 733 534 792 similiter
559 733 646 793 tertia
673 740 777 807 quarta
800 731 954 808 usquead
984 731 1154 790 decimam
1179 748 1226 788 co-

224 818 350 878 hortem.
374 817 406 876 ln
422 824 482 878 tota
499 825 595 876 autern
612 816 727 891 legione
745 822 829 875 erant
840 817 1052 876 centuriones
1067 818 1226 892 quinqua·

224 905 303 980 ginta
317 902 457 980 quinque.
496 900 583 962 Vllll.
601 901 657 962 Sed
671 900 759 977 legati
770 902 961 978 imperatoris
977 919 1022 960 ex
1037 897 1225 960 consulibus·

225 985 260 1046 ad
282 986 429 1046 exercitus
452 985 660 1054 mittebantur,
684 984 793 1062 quibus
808 984 941 1062 legiones
959 991 995 1044 et
1013 985 1143 1046 auxilia
1160 983 1224 1042 uni-

224 1087 312 1130 uersa
334 1068 579 1148 obtemperabant
600 1070 833 1131 inordinatione
854 1071 934 1148 pacis
949 1069 1008 1130 uel
1028 1069 1224 1129 necessitate

186 1160 210 1199 1⁰
225 1153 385 1224 bellorum,
409 1156 440 1214 in
462 1172 587 1232 quorum
608 1155 705 1215 locuni
728 1172 807 1215 nunc
822 1153 965 1215 inlustres
985 1157 1085 1214 uiros
1103 1157 1223 1213 constat

225 1241 382 1318 magistros
398 1238 523 1301 militurn
539 1239 723 1308 substitutos
741 1257 756 1298 a
772 1238 880 1317 quibus
896 1257 956 1300 non
975 1245 1111 1299 tantum
1131 1236 1221 1296 binae

224 1324 357 1402 legiones
372 1325 424 1386 sed
442 1326 529 1385 etiarn
545 1324 646 1403 plures
661 1325 779 1384 numeri
793 1322 1017 1400 gubernantur.
1065 1322 1219 1400 Proprius

225 1417 322 1470 autem
341 1409 429 1469 iudex
454 1417 517 1470 erat
540 1409 709 1488 praelectus
733 1407 873 1486 legionis,
898 1408 1020 1469 habens
1046 1407 1219 1470 comitiuae

224 1495 314 1573 primi
329 1495 441 1554 ordinis
457 1493 644 1570 dignitatern,
662 1494 713 1570 qui
728 1493 850 1553 absente
867 1490 963 1570 legato
979 1500 1154 1571 tamquam
1173 1489 1216 1548 ui·

187 1595 211 1634 15
225 1579 322 1638 carius
336 1578 429 1656 ipsius
444 1585 620 1656 potestatem
637 1578 793 1638 maximam
809 1577 966 1638 retinebat.
1007 1576 1152 1638 Tribuni
1168 1570 1215 1632 uel

225 1663 416 1723 centuriones
442 1663 593 1740 ceterique
618 1661 727 1722 milites
753 1663 816 1722 eius
841 1669 1001 1740 praecepta
1027 1659 1213 1722 seruabant.

226 1745 399 1824 Vigiliarum
420 1748 483 1807 siue
506 1748 700 1827 protectionis
720 1755 830 1807 tessera
847 1745 1008 1808 abeodem
1027 1743 1208 1826 petebatur.

225 1832 257 1892 Si
279 1830 362 1892 miles
383 1833 495 1892 crimen
517 1832 635 1912 aliquod
658 1832 837 1905 admisisset,
859 1833 1040 1892 auctoritate
1057 1824 1211 1910 praelecti

225 1916 350 1993 legionis
366 1935 381 1976 a
398 1915 519 1977 tribuno
535 1916 733 1996 deputabatur
745 1916 780 1977 ad
797 1933 932 1995 poenam.
957 1919 1053 1977 Arma
1068 1914 1207 1974 omnium

185 2008 212 2049 20
227 2000 368 2075 militum,
391 2002 462 2061 item
485 2001 552 2078 equi
576 2008 671 2062 vestes
689 2019 805 2062 annona
821 2000 857 2060 ad
874 2018 975 2061 curam
992 2003 1096 2080 ipsius
1114 1994 1208 2078 perti-

225 2085 325 2146 nebat.
369 2084 546 2164 Disciplinae
560 2087 718 2156 seueritas,
736 2087 907 2146 exercitatio
923 2104 980 2146 non
998 2085 1105 2146 solum
1122 2078 1206 2162 pedi·

220 2179 287 2248 tum
318 2169 370 2230 sed
401 2171 487 2231 ctiam
519 2173 650 2247 equitum
680 2168 911 2246 legionariorum
941 2177 1111 2250 praecepto
1143 2165 1204 2224 eius

226 2253 334 2330 cotidie
360 2254 529 2316 curabatur.
576 2256 641 2334 lpse
667 2261 765 2316 autem
792 2255 888 2315 iustus
918 2253 1046 2332 diligens
1080 2251 1203 2314 sobrius

226 2339 372 2417 legionem
394 2339 451 2400 sibi
471 2341 615 2402 creditam
637 2339 767 2402 adsiduis
789 2339 929 2416 operibus
946 2339 980 2398 ad
1005 2355 1132 2400 omnem
1150 2333 1200 2394 de·

186 2437 212 2479 25
226 2428 388 2495 notionem,
402 2425 438 2485 ad
455 2443 572 2486 ornnem
585 2423 732 2486 lormabat
747 2423 930 2493 industriam,
945 2425 1043 2486 sciens
1058 2423 1096 2484 ad
1115 2433 1201 2500 prae·

243 2644 275 2692 V.
289 2645 320 2692 1..
373 2645 479 2692 2nunc
498 2640 739 2694 etcenteneriiH
806 2643 869 2692 bin
882 2646 969 2693 totam
983 2659 1008 2697 a.
1021 2631 1198 2710 legionensi

227 2709 292 2764 Cer.
308 2708 396 2763 vl111.
450 2712 482 2760 10
502 2706 637 2776 [nunc]p
718 2709 832 2758 illustris
849 2711 876 2758 V
954 2714 986 2762 19
1004 2727 1084 2762 erma
1106 2712 1196 2759 eutem

226 2778 336 2828 omn.P
402 2779 435 2827 20
452 2777 537 2827 uestis
546 2777 576 2828 Π
642 2777 820 2842 pertinebant
838 2775 898 2827 tnP
963 2781 995 2828 21
1015 2763 1194 2844 disciplinae]

227 2846 251 2899 d.
266 2845 309 2896 inl
323 2841 378 2910 (uis
386 2845 422 2910 1))
436 2849 463 2896 et
476 2845 610 2896 seueritas
619 2845 663 2896 dP
678 2847 751 2909 outpo
797 2845 956 2897 seueritatis
966 2847 980 2897 i.
1027 2839 1194 2898 exercitatio

228 2913 311 2964 HVP
327 2914 459 2963 exercitio
482 2913 557 2975 a’Qo
577 2914 709 2963 exercitio
731 2929 799 2965 corr.
818 2914 844 2961 in
863 2915 997 2964 exercitia
1014 2916 1038 2964 L
1059 2907 1193 2965 exercitia

228 2981 250 3030 G
289 2983 321 3032 23
335 2981 503 3031 curabantur
516 2980 568 3033 HL
606 2980 692 3030 initus
702 2981 730 3032 11
743 2979 835 3029 cuitus
844 2980 909 3045 MQ,
922 2979 1014 3031 cultui
1023 2979 1082 3032 A’l.
1096 2977 1192 3030 iustum

226 3045 272 3096 dP
330 3050 364 3097 24
382 3047 416 3097 ad
428 3065 535 3100 omnem
548 3049 723 3100 deuotionem
735 3047 911 3099 adformabat
923 3048 1082 3099 industriam
1097 3063 1110 3100 ε

246 3233 272 3284 S.
286 3235 318 3283 1..
372 3231 439 3288 Otr.
452 3233 542 3284 v1111.
587 3232 782 3287 Sexercitolot
835 3236 867 3284 10
884 3233 1005 3284 illustres
1013 3234 1044 3285 H
1089 3237 1119 3284 11
1133 3227 1191 3280 sub·

227 3302 326 3353 titulos
339 3301 374 3354 M
456 3304 487 3352 12
506 3299 622 3368 numeri]
642 3302 748 3352 muneri
766 3301 796 3352 Π
875 3304 906 3351 14
923 3299 1030 3368 legato]
1049 3301 1153 3366 legatio
1170 3293 1190 3344 A

297 3371 329 3421 16
348 3370 526 3420 centuriones
525 3369 534 3435 l
551 3369 709 3420 centurines
723 3370 757 3420 M
818 3369 921 3419 milites
935 3367 1004 3436 eius]
1018 3363 1151 3420 militerel
1159 3361 1187 3422 A.

229 3437 377 3500 (militares
391 3434 435 3504 A2)
510 3439 542 3488 18
561 3433 722 3503 admisisset]
741 3435 898 3487 ammisisset
915 3436 946 3487 Π
1012 3423 1188 3492 auctoritate]

228 3509 424 3557 auctoritatem
442 3508 484 3572 Ap
561 3508 593 3554 22
612 3503 773 3572 praecepto]
796 3503 962 3571 praeceptos
977 3503 1004 3554 α’
1084 3507 1116 3555 23
1135 3503 1188 3552 cot·

228 3571 352 3638 tidieAp
421 3575 454 3624 24
473 3572 624 3624 studuisti
