2500 4034
186 163 229 228 25
558 157 616 216 nib}
634 168 662 228 1,
685 169 726 216 en.
745 168 787 218 es.
856 241 860 246 Ι

186 318 274 379 XXV.
302 317 360 377 Sed
376 317 463 378 sacile
479 325 523 377 est
538 317 710 378 absentibus
722 318 903 380 aduersariis
915 329 1012 383 castra
1025 324 1167 392 munire,

185 420 308 472 uerum,
330 405 355 462 si
371 402 465 462 bostis
486 402 651 471 incumbat,
675 411 746 462 tunc
761 422 865 464 omnes
880 407 997 481 equites
1013 413 1042 465 et
1057 407 1169 467 media

186 507 256 566 pars
282 487 414 566 peditum
441 487 476 547 ad
502 487 736 566 propulsandum
762 489 906 567 impetum
928 489 1106 550 ordinantur
1132 494 1169 552 in

188 574 263 641 acie,
289 572 397 649 reliqui
419 579 486 650 post
507 575 587 650 ipsos
607 573 702 632 ductis
724 572 811 632 sessis
831 575 969 634 muniunt
990 583 1103 644 castra,
1136 586 1170 636 et

159 670 241 737 aper
262 675 440 736 praeconem
460 656 622 727 indicatur,
645 674 719 734 quae
735 659 867 717 centuria
884 660 993 736 prima,
1018 676 1094 736 quac
1113 679 1169 721 se-

187 742 298 810 cunda,
320 760 396 820 quae
417 743 505 801 tertia
526 759 600 820 opus
621 759 709 801 omne
731 741 924 820 conpleuerit.
970 744 1041 804 Post
1061 743 1125 804 boc
1151 765 1170 805 a

187 826 414 888 centurionibus
433 827 512 886 sossa
533 827 692 903 inspicitur
713 845 748 888 ac
763 834 954 887 mensuratur
977 835 1005 888 et
1021 829 1169 890 uindica-

186 918 234 970 tur
249 913 279 970 in
296 929 356 978 eos,
370 911 420 986 qui
433 909 641 987 neglegentius
655 911 768 970 suerint
782 913 904 988 operati.
927 911 970 972 Ad
986 912 1068 973 huno
1085 932 1170 992 ergo

185 1013 271 1055 usum
287 994 487 1055 instituendus
500 1003 544 1054 est
554 996 621 1062 tiro,
636 1001 675 1064 ut,
690 1014 758 1054 cum
773 998 936 1056 necessitas
948 997 1168 1075 postulauerit,

148 1098 173 1139 ro
187 1082 251 1140 sinc
266 1079 490 1158 perturbatione
506 1086 535 1139 et
550 1078 687 1140 celeriter
704 1077 748 1158 [et
763 1077 863 1160 caute]
880 1083 996 1159 possint
1010 1083 1151 1142 munire.

273 1163 373 1223 XXVI.
408 1163 486 1225 Nihil
504 1166 597 1242 magis
613 1163 755 1242 prodesse
772 1172 887 1224 constat
901 1167 1053 1245 inpugna,
1068 1183 1169 1242 quam

188 1255 220 1309 ut
244 1249 366 1310 adsiduo
394 1250 535 1309 exercitio
561 1248 670 1309 milites
695 1249 726 1307 in
756 1250 819 1309 acie
849 1249 1007 1327 dispositos
1035 1250 1168 1312 ordines

187 1343 310 1395 seruent
344 1333 453 1394 necubi
488 1342 590 1394 contra
628 1350 716 1410 quem
747 1332 866 1411 expedit
895 1341 946 1394 aut
974 1334 1169 1412 conglobent

186 1437 293 1495 agmen
315 1427 365 1479 aut
382 1418 488 1478 laxent.
536 1419 609 1480 Nam
627 1426 656 1477 et
671 1420 829 1496 constipati
846 1417 974 1494 perdunt
989 1421 1084 1497 spatia
1101 1438 1165 1498 pu—

148 1521 173 1562 15
187 1502 298 1582 gnandi
310 1510 338 1562 et
350 1501 407 1562 sibi
422 1504 550 1562 inuicem
567 1503 770 1580 inpedimento
786 1511 865 1572 sunt,
880 1510 909 1562 et
924 1505 1053 1564 rariores
1065 1510 1165 1582 atque

186 1586 402 1648 interlucentes
437 1587 548 1648 aditum
585 1587 799 1666 perrumpendi
830 1587 965 1648 hostibus
994 1597 1165 1666 praestant.

187 1671 316 1732 Necesse
329 1681 373 1732 est
387 1678 484 1731 autem
499 1673 596 1732 statim
610 1680 688 1732 metu
702 1673 842 1732 uniuersa
855 1673 1007 1740 conlundi,
1022 1675 1047 1732 si
1059 1674 1165 1734 inter-

188 1759 246 1817 cisa
264 1759 327 1818 acie
344 1756 379 1816 ad
403 1756 606 1818 dimicantium
624 1765 705 1834 terga
722 1756 816 1816 bostis
829 1759 995 1818 accesserit.
1040 1757 1165 1817 Produ-

188 1842 275 1901 cendi
296 1860 367 1922 ergo
387 1843 500 1902 tirones
516 1849 585 1901 sunt
600 1858 720 1919 semper
736 1841 771 1900 ad
789 1859 927 1920 campum
944 1848 973 1901 et
989 1841 1164 1902 secundum

147 1944 174 1984 so
188 1924 360 1987 matriculae
377 1925 511 1985 ordinem
527 1926 557 1984 in
573 1928 667 1987 aciem
685 1925 847 2004 dirigendi,
869 1928 908 1986 ita
925 1934 957 1986 ut
971 1928 1068 2004 primo
1085 1928 1165 1986 sim·

188 2011 254 2090 plen
272 2018 392 2070 extensa
408 2011 446 2070 sit
461 2011 546 2080 acies,
564 2029 601 2070 ne
617 2027 690 2088 quos
704 2012 803 2083 sinus,
820 2029 858 2070 ne
875 2028 947 2087 quas
963 2010 1069 2072 babeat
1084 2029 1163 2071 cur-

188 2104 318 2162 uaturas‚
335 2102 367 2155 ut
382 2094 497 2174 aequali
512 2094 703 2174 legitimoque
719 2097 812 2173 spatio
824 2095 909 2154 miles
921 2095 1009 2154 distet
1022 2113 1037 2154 a
1050 2094 1160 2156 milite.

188 2180 272 2240 Tunc
288 2180 547 2258 praecipiendum,
568 2187 600 2240 ut
616 2179 714 2240 subito
730 2179 882 2258 duplicent
897 2181 1006 2249 aciem,
1023 2181 1061 2239 ita
1077 2181 1162 2240 utin

186 2267 254 2345 ipso
269 2267 382 2345 impetu
397 2266 430 2336 is,
448 2265 484 2325 ad
501 2284 588 2345 quem
604 2264 787 2344 respondere
800 2263 906 2334 solent,
923 2263 996 2324 ordo
1009 2272 1160 2326 seruetur.

205 2487 237 2537 V.
252 2487 283 2535 L.
338 2484 405 2536 Otr.
418 2483 503 2535 XXV.
567 2486 722 2533 titentoria
742 2485 781 2534 sP
851 2480 1121 2548 iicompleuerintQ

189 2552 348 2615 compleant
365 2568 418 2600 enm
430 2552 487 2600 eod.
505 2553 630 2602 Vossiano
645 2549 706 2604 Ond.
777 2555 792 2604 9
811 2547 1003 2617 instituendus]
1022 2548 1158 2600 instruen-

187 2619 240 2668 dus
249 2619 279 2670 Π
347 2621 377 2667 10
397 2618 526 2668 celeriter
538 2623 566 2667 et
580 2624 661 2668 caute
672 2634 693 2668 π
762 2619 843 2684 possit
855 2635 876 2668 π

257 2685 324 2737 Cre.
338 2685 436 2736 XXVI.
461 2686 604 2750 Inscriptio
617 2685 688 2736 abest
701 2702 717 2735 a
730 2686 761 2750 Ρ,
774 2689 822 2738 sed
834 2694 858 2738 et
871 2691 897 2738 in
909 2688 956 2738 boc
967 2687 1054 2736 codice
1066 2689 1091 2734 et
1103 2686 1129 2734 in
1143 2700 1158 2736 ε

187 2762 266 2818 capnt
286 2770 335 2818 per
355 2755 517 2804 baconeria
538 2755 574 2804 ad
596 2755 786 2818 inscriptionem
809 2756 964 2818 pertinentia
988 2755 1092 2816 incipit:
1120 2751 1159 2802 vt

190 2822 258 2886 (Aut
270 2823 300 2885 α)
313 2823 340 2871 in
355 2823 415 2872 ecie
429 2821 538 2872 ordines
548 2826 575 2872 et
588 2820 736 2871 interualla
749 2821 912 2872 custodient.
973 2823 1004 2872 14
1017 2819 1116 2870 lassent
1128 2817 1161 2868 Π

260 2896 287 2940 et
299 2890 412 2954 constip.
423 2917 457 2925 —
470 2896 498 2940 et
510 2889 631 2940 rariores
641 2903 653 2940 a
675 2893 703 2938 et
716 2890 829 2954 constip.
843 2917 875 2926 -—
888 2892 928 2940 ita
941 2905 994 2939 rar.
1008 2886 1026 2938 δ
1052 2893 1081 2936 ut
1093 2901 1156 2936 con-

191 2956 293 3021 stip-
304 2958 344 3005 ite
357 2973 410 3008 rar.
425 2959 450 3007 P
460 2961 526 3023 culp.
540 2957 609 3020 nte)
645 2957 761 3022 perdent
774 2958 803 3020 G,
841 2959 872 3007 16
884 2951 1038 3022 praestent]
1052 2954 1158 3004 dabunt

190 3022 235 3074 dP
286 3026 316 3074 18
335 3025 362 3072 in
376 3026 437 3076 acie
450 3023 494 3075 dP
561 3029 593 3076 20
612 3024 725 3090 simplex
739 3030 767 3074 et
780 3026 935 3076 extentes}
1003 3022 1156 3073 tsisedn

189 3087 468 3156 essendoe[is]edQ

206 3296 239 3348 L.
253 3295 280 3346 S.
335 3294 401 3346 Gne.
419 3295 503 3346 XXV.
568 3291 765 3362 iec]hecM
836 3291 1091 3360 bcompleueritll
1148 3327 1152 3334 ·

189 3364 206 3413 8
225 3359 429 3430 neglegentius]
444 3363 546 3414 -entins
556 3366 598 3427 Ap
666 3366 682 3414 9
701 3363 880 3429 postoleuerit
892 3363 928 3414 M

259 3431 326 3482 Cer.
341 3431 439 3482 xxvi.
504 3433 536 3480 12
556 3431 660 3482 alliduo
673 3432 701 3482 Π
783 3433 814 3481 14
832 3427 933 3496 spatie]
954 3429 1078 3496 speciant

190 3499 223 3548 20
243 3497 394 3564 simpexM
459 3501 491 3548 22
510 3499 694 3550 amilitaeM
