2520 4044
438 247 500 298 nro.
518 246 572 307 ιιι,
592 247 634 296 en.
878 247 886 254 ·
964 243 1025 307 113

51 419 145 462 scere.
198 401 270 462 Corn
285 401 447 469 receditur,
462 399 529 460 talis
544 401 626 460 lraus
642 400 707 460 lieri
722 401 886 459 consueuit.
931 399 1024 460 Recto

51 489 158 546 itinere
186 489 274 566 pauci
299 489 414 565 equites
440 487 632 553 insecuntur,
660 483 755 546 ualida
782 501 888 544 manus
909 484 1025 545 occulte

52 589 99 648 per
121 570 185 632 alia
202 573 326 632 mittitur
343 570 424 639 loca;
448 568 499 630 ubi
520 570 558 630 ad
579 587 686 647 agmen
705 571 896 630 inimicorum
917 588 1025 648 perue-

53 657 148 716 nerint
183 658 311 736 equites,
343 663 490 734 temptant
515 652 622 714 leuiter
646 661 736 731 atque
761 653 929 718 discedunt.
974 653 1025 715 ille

52 740 143 801 credit
161 741 303 822 quicquid
320 740 495 801 insidiarum
505 741 613 808 luerat,
629 740 818 818 praeterisse,
836 741 941 799 etsine
953 757 1051 800 curas

57 825 217 888 resoluitur
236 826 272 886 ad
293 825 523 904 neglegentiam.
568 825 654 885 Tunc
674 822 723 884 illa
743 841 863 893 manos,
886 841 962 903 quae
978 843 1026 884 se-

56 920 131 971 creto
145 914 259 972 itinere
275 911 421 972 destinata
437 912 542 979 luerat,
554 910 770 988 superueniens
782 908 925 988 obprimit
940 912 1025 988 igno·

58 1005 158 1057 cautes.
195 995 288 1065 Multi,
305 1014 373 1056 cum
389 996 426 1057 ab
442 995 525 1056 hoste
541 994 714 1062 discedunt,
738 996 764 1054 si
779 1013 834 1072 per
848 995 939 1056 siluas
954 997 1025 1056 ituri

57 1091 131 1147 sunt.
155 1083 356 1160 praemittunt
377 1083 428 1161 qni
443 1087 565 1157 angusta
581 1078 631 1142 uel
646 1078 772 1157 abrupta
788 1089 936 1158 occupent
949 1080 1023 1148 loca,

59 1183 89 1224 ne
108 1167 221 1226 ibidem
237 1168 390 1244 patiantur
405 1165 536 1226 insidias.
581 1165 618 1225 Et
633 1183 736 1226 rursus
752 1172 819 1242 post
834 1184 866 1225 se
882 1167 1064 1242 praecisione

60 1249 209 1312 arboribus
226 1253 292 1311 uias
306 1250 457 1320 claudunt,
470 1269 544 1328 quas
560 1249 725 1310 concaedes
740 1258 858 1315 uocant,
871 1259 904 1309 ut
919 1250 1024 1309 aduer-

60 1338 137 1398 sariis
158 1335 332 1397 facultatem
354 1336 484 1396 adimant
503 1333 715 1414 persequendi,
739 1340 769 1392 et
788 1351 884 1411 paene
906 1336 1025 1410 utrique

63 1423 132 1496 parti
148 1423 180 1481 in
195 1420 358 1482 itinerc.ad
374 1418 527 1481 subsessas
544 1420 711 1480 communis
727 1419 843 1478 occasio
859 1426 914 1479 est.
952 1417 1027 1478 Nam

63 1507 104 1580 qni
130 1505 300 1585 praecedit,
328 1507 484 1584 oportunis
506 1503 635 1566 uallibus
659 1502 706 1563 uel
733 1501 850 1563 siluosis
875 1503 1026 1565 montibus

65 1587 157 1672 [quas]
173 1599 243 1670 post
258 1608 292 1650 se
308 1591 449 1669 relinquit
463 1590 594 1664 insidias,
607 1591 638 1649 in
654 1606 727 1669 quos
739 1607 807 1648 com
818 1588 956 1649 inciderit
967 1591 1023 1649 ini·
1039 1604 1064 1644 ιι

66 1677 162 1746 nicus,
184 1677 318 1737 recurrit
332 1678 396 1754 ipse
413 1684 442 1736 et
457 1676 579 1736 adiuuat
593 1692 673 1734 suos.
719 1673 775 1744 Qui
792 1691 864 1734 uero
880 1676 1024 1752 sequitur,

67 1763 170 1822 auersis
190 1762 307 1822 semitis
328 1760 415 1838 longe
436 1770 504 1822 onte
525 1759 655 1820 destinat
670 1756 836 1838 expeditos,
859 1768 890 1818 ut
905 1777 1026 1837 praece·

68 1843 173 1906 dentem
200 1846 406 1906 aduersarium
434 1852 534 1905 arceat
557 1863 573 1904 a
599 1844 735 1912 transito,
768 1841 985 1922 deceptumque
1010 1861 1025 1902 a

69 1928 155 1991 fronte
177 1938 207 1990 et
222 1950 238 1990 a
254 1939 339 2008 tergo
361 1929 519 1990 concludit.
565 1927 787 1989 Dormientihus
807 1935 896 1990 noctu
919 1929 1026 1990 aduer-

70 2017 144 2076 sariis
167 2023 196 2076 et
222 2017 273 2094 qoi
295 2017 457 2093 praecessit
482 2021 579 2095 potest
604 2013 724 2090 regredi
751 2015 855 2092 etqui
879 2016 1023 2091 seqnitur,
1038 2030 1064 2069 ιο

70 2102 249 2175 quantumuis
264 2102 397 2169 intersit,
419 2108 517 2179 potest
531 2100 727 2177 superuenire
742 2116 796 2176 per
812 2099 957 2159 l'raudem.
996 2097 1026 2158 ln

71 2185 297 2246 transfretatione
334 2185 493 2245 llouiorum
531 2185 582 2260 qul
610 2181 763 2263 praecedit
798 2181 878 2243 illam
911 2190 1025 2263 partem

72 2302 261 2312 ἡ*

85 2353 112 2400 l'.
123 2354 155 2402 L.
208 2350 496 2418 lfieri]itufieridl’
564 2352 763 2416 3perueniuut
776 2349 819 2401 dP
880 2352 1026 2408 lillicre·

72 2419 130 2471 dunt
141 2419 182 2471 dP
236 2424 253 2471 5
271 2421 365 2472 inerat
378 2421 422 2472 eli
433 2421 520 2471 fuerit
536 2421 585 2468 VP
597 2421 650 2470 fuit
661 2421 686 2468 D
756 2422 771 2468 6
790 2419 935 2468 resoluitur
949 2435 960 2469 ε
974 2419 1025 2470 lol-

73 2487 175 2542 uitor'ii
186 2488 327 2539 soluuntur
339 2487 383 2539 ‹tP
454 2491 470 2538 6
488 2485 665 2551 neclegentin
678 2487 706 2551 Q,
780 2489 796 2537 9
815 2483 873 2552 qui]
887 2492 918 2536 ut
931 2485 961 2536 Π
977 2521 981 2534 t

77 2557 100 2604 11
116 2557 263 2608 concaedes
282 2557 386 2607 Modica
410 2556 556 2607 concedael
577 2554 640 2618 (stc.·
664 2561 719 2620 ipse
740 2557 857 2606 connecte
879 2570 896 2604 a
916 2557 942 2606 in
961 2554 1026 2618 elil

76 2625 194 2676 concedes
204 2627 218 2676 t
232 2624 388 2675 concedens
397 2626 433 2676 M
443 2623 580 2675 concedet
594 2640 629 2674 ecc
646 2623 801 2674 concedunt
817 2639 886 2676 corr.
901 2624 922 2674 G
935 2627 1027 2675 conci·

20 2699 21 2704 ’
76 2689 323 2752 deichdpedel'll
384 2695 416 2742 15
434 2692 504 2757 qual
513 2691 771 2756 equalinnliquul
780 2694 813 2756 A,
827 2692 892 2746 Gicr.
905 2695 975 2742 nnete
988 2697 1025 2744 tn·

20 2783 21 2820 3
77 2762 137 2810 clusit
147 2761 221 2825 quali
238 2760 393 2810 Steweclu'no
411 2759 489 2824 quali
504 2775 541 2810 ecc
557 2763 600 2810 itte
613 2759 683 2824 quos
692 2767 775 2809 natum
788 2766 838 2817 eet,
861 2761 930 2826 quod
946 2761 1027 2824 ipsum

20 2829 21 2896 1
76 2827 172 2886 fortunae
189 2846 223 2879 eo:
238 2830 357 2893 sequenti
373 2830 442 2892 qual
450 2829 573 2891 impert:
591 2845 624 2877 nn
636 2829 788 2878 seruandum
801 2836 839 2878 eet
851 2836 877 2878 et
888 2843 1027 2890 pronomen

77 2896 210 2961 indefinitwn
226 2897 383 2947 trabendron?
495 2898 525 2946 tr
550 2895 655 2946 aucrlil
667 2891 765 2958 (nerlii
778 2895 821 2960 Lq)
841 2910 853 2946 ε
872 2894 993 2945 aduersis
1006 2910 1027 2944 π

78 2968 137 3030 uctpo
185 2967 215 3016 17
234 2969 264 3014 ut
277 2965 291 3014 t
305 2970 331 3012 et
344 2980 384 3014 απ
437 2966 469 3014 18
488 2968 583 3013 arceat
595 2962 713 3012 transitu
726 2979 739 3013 a
751 2967 830 3013 arcet
843 2979 859 3012 a
872 2963 987 3014 tranlitu
998 2963 1026 3014 Π

79 3038 142 3083 arcet
152 3033 185 3082 cd
197 3031 343 3082 transitum
356 3029 399 3081 dP
467 3033 499 3082 18
518 3026 730 3096 deceptumque]
747 3030 937 3100 desertumque
952 3031 981 3083 H

79 3101 103 3149 19
119 3101 250 3152 concludit
266 3098 296 3149 π’
316 3099 464 3150 concludet
483 3100 522 3150 sP
538 3098 687 3149 concludat
702 3102 776 3164 culpo
849 3101 880 3150 21
901 3099 1027 3166 superue-

78 3168 126 3218 nire
136 3185 181 3234 per
191 3169 224 3218 fr.
239 3168 279 3218 er
288 3167 308 3216 s.
323 3169 370 3232 qui
382 3168 417 3217 ir.
432 3166 462 3217 Π
473 3168 615 3232 peruenire
629 3166 665 3216 nd
677 3166 697 3215 f.
711 3164 729 3216 d

79 3271 262 3281 —-—-—-—

93 3321 114 3371 S.
125 3324 154 3374 L.
192 3317 369 3386 lreceditur]
383 3320 518 3370 reciditur
529 3320 571 3385 Αμ
617 3319 869 3384 tinlequunturli
908 3317 1028 3370 3mitte·

80 3393 137 3441 ture
169 3385 714 3454 iobprimit]obpmitA2opprimitMli
746 3386 899 3438 omniurn
935 3385 967 3434 10
979 3399 1028 3448 po·

79 3457 198 3524 ciunturp
233 3459 264 3506 12
277 3456 401 3506 adimunt
426 3453 794 3506 ademantot’adhimantil
828 3456 859 3503 14
871 3447 1026 3518 praecedit]

81 3527 154 3577 -etM
209 3528 242 3575 15
259 3523 393 3586 relinquit
420 3523 535 3586 reliquit
546 3521 623 3572 A’lP
633 3516 990 3586 requuierelinquidH

83 3593 107 3642 15
121 3589 247 3658 inimicus]
266 3592 310 3642 -os
318 3593 346 3644 Π
416 3592 447 3640 16
466 3590 581 3640 adiubat
594 3592 626 3652 A,
697 3589 727 3636 lt
746 3585 859 3634 distinet
872 3581 903 3634 A'

71 3703 79 3722 ι
122 3686 234 3726 vnorrmc
808 3669 825 3714 3
