2520 4044
466 187 528 247 uia.
548 197 603 260 111,
624 200 663 248 ιο.
755 159 758 163 ’
1006 196 1045 261 91

61 366 140 408 inum
172 350 309 426 prosint.
354 349 434 409 Inter
455 348 555 410 hostes
576 347 793 410 discordiarum
818 369 919 412 serere
940 369 1044 412 causas

61 435 214 509 sapientis
246 444 291 494 esi
311 433 403 494 ducis.
448 431 535 495 Nulla
563 436 642 494 enim
664 437 799 514 quamuis
820 437 942 496 minima
963 438 1044 497 natio

66 524 162 593 petest
184 515 232 578 ab
246 519 427 580 aduersariis
442 517 605 596 perdeleri,
629 520 685 579 nisi
700 520 831 598 propriis
846 519 1046 582 simultatibus

66 619 95 658 se
114 604 184 679 ipsa
210 605 440 683 consumpserit.
486 603 560 664 Nam
582 603 670 664 ciuile
686 604 787 664 odium
803 604 838 666 ad
855 605 1044 668 inimicorum

69 688 239 763 perniciem
254 705 400 768 praeceps
414 697 473 758 est,
491 688 526 749 ad
542 687 698 749 utilitatem
712 707 785 750 suae
801 687 983 750 defensionis
997 692 1043 750 in·
1059 703 1071 740 ⁵

71 778 204 832 cautum.
250 773 348 835 Unum
369 771 442 833 illud
459 774 548 834 estin
564 773 621 834 boc
636 791 728 852 opere
743 771 991 854 praedicendum,
1015 783 1046 834 ul

72 872 155 916 nemo
172 857 318 937 desperet
331 857 397 918 fieri
416 875 504 936 posse
519 859 687 936 quaefacta
702 867 781 920 sunt.
827 858 910 919 Dicat
926 858 1040 939 aliquis,

75 939 151 1001 llulti
168 945 243 1004 anni
254 949 334 1011 sunt,
347 941 456 1020 quibus
468 940 568 1004 nullus
586 943 666 1004 iussa
683 960 791 1021 aggere
810 943 949 1021 ualloque
962 962 1045 1006 man·

74 1043 174 1087 surum
200 1025 368 1088 circumdat
387 1029 559 1088 exercitum.
604 1027 860 1107 Respondebitur,
885 1029 916 1089 Si
936 1029 1043 1090 luisset

74 1111 123 1170 ista
137 1111 268 1182 cautela,
283 1110 359 1172 nibil
374 1112 512 1172 nocturni
524 1121 575 1172 aul
589 1112 688 1173 diurni
700 1121 901 1192 superuentus
914 1112 1042 1175 hostium
1061 1133 1083 1170 n

77 1212 180 1257 nocere
196 1199 375 1276 potuissent.
419 1195 528 1257 Persae
544 1199 693 1258 imitantes
709 1197 858 1259 Romanos
872 1197 968 1259 ductis
984 1199 1045 1258 ios·

76 1281 110 1338 sis
121 1290 222 1342 eastra
233 1283 430 1349 constituunt,
448 1288 485 1350 et,
501 1284 570 1361 quia
585 1280 730 1343 harenosa
745 1289 815 1342 sunt
826 1299 921 1360 prope
934 1283 1043 1348 omnia,

78 1383 191 1435 saccos,
214 1383 291 1446 quos
311 1368 417 1426 inanes
436 1375 644 1443 portauerant,
668 1385 704 1426 ex
720 1364 944 1445 puluerulenta,
965 1384 1042 1445 quae

80 1450 227 1520 elioditur,
252 1460 333 1511 terra
356 1449 505 1528 complent
528 1468 692 1530 eorumque
708 1450 828 1512 cumulo
844 1467 984 1528 aggerem
999 1451 1013 1511 i
1031 1483 1042 1496 ·

80 1535 160 1596 ciunt
207 1534 321 1596 Omnes
345 1532 464 1595 barbari
485 1536 579 1596 carris
601 1537 662 1596 suis
683 1537 714 1596 ln
736 1534 840 1596 orbem
862 1537 984 1596 conexis
1006 1535 1041 1597 ad
1058 1540 1081 1584 ¹⁵

81 1619 296 1680 similitudinem
317 1627 483 1680 castrorum
499 1637 625 1681 securas
641 1639 657 1680 a
672 1619 905 1699 superuentibus
921 1622 1044 1699 exigunt

82 1713 185 1765 noctes.
230 1705 392 1771 veremur,
422 1721 459 1764 ne
481 1704 595 1766 discere
617 1720 801 1781 nequeamus
821 1722 897 1783 quae
919 1725 935 1766 a
958 1703 1043 1766 nobis

85 1789 125 1847 alii
144 1789 331 1850 didicerunt?
354 1789 434 1850 llaec
449 1807 485 1848 ex
501 1807 557 1849 usu
572 1787 716 1869 librisque
732 1797 818 1850 antea
834 1788 1041 1858 seruabantur,

83 1873 128 1932 sed
142 1877 251 1934 omissa
266 1873 317 1932 diu
333 1891 420 1934 neruo
434 1875 590 1952 quaesiuit,
607 1875 677 1952 quia
693 1872 864 1951 uigentibus
879 1877 962 1953 pacis
977 1875 1042 1935 oili·

86 1961 130 2018 ciis
154 1958 257 2041 procel
284 1957 387 2018 aberat
412 1960 571 2018 necessitas
598 1957 676 2018 belli.
721 1959 780 2020 Sed
805 1977 843 2019 ne
868 1957 1041 2038 inpossibile
1057 1968 1081 2005 ‘c

86 2044 211 2104 uideatur
227 2043 362 2121 reparari
377 2041 561 2122 disciplinam
577 2044 661 2103 cuius
675 2062 746 2103 usus
765 2043 931 2112 intercidit,
955 2043 1042 2103 doce-

89 2145 145 2188 mur
166 2125 318 2206 exemplis.
364 2127 448 2206 Apud
466 2135 584 2188 ueteres
600 2145 648 2187 ars
663 2126 799 2188 militaris
814 2129 844 2188 in
860 2125 1043 2188 obliuionem

88 2215 195 2291 saepius
215 2214 314 2281 uenit,
337 2211 389 2272 sed
411 2213 494 2290 prius
511 2230 526 2271 a
542 2210 628 2272 libris
649 2214 774 2291 repetita
791 2220 851 2280 est,
874 2221 975 2292 postea
992 2212 1045 2273 du·

103 2381 132 2434 V.
141 2383 171 2432 L.
225 2384 238 2430 1
258 2380 347 2430 ferere
361 2378 423 2430 idP
438 2380 496 2431 sere
510 2378 538 2429 α’
552 2379 619 2430 scire
634 2380 796 2431 Gdisserere
810 2380 840 2429 Π
914 2381 931 2427 4
949 2377 1007 2442 ipsa
1018 2377 1049 2427 Π

146 2451 162 2500 8
178 2449 247 2500 folia
261 2463 364 2514 aggere
376 2447 507 2511 ualloque
521 2447 595 2498 αΠΡ
605 2447 676 2498 fossa
688 2463 791 2514 aggere
803 2447 849 2497 uel
861 2445 937 2496 uallo
951 2448 966 2496 1
978 2446 1047 2496 fossi

93 2518 142 2580 agit
151 2517 279 2582 ualloque
293 2513 311 2564 δ
323 2513 394 2565 solia
406 2514 452 2565 uel
465 2529 566 2580 aggere
579 2516 709 2581 ualloque
722 2518 796 2581 culpo
878 2516 909 2563 12
928 2516 1044 2565 arenosa

94 2582 152 2641 Qur
194 2588 225 2635 13
238 2587 418 2649 portauerant
428 2582 478 2633 αΠ
488 2588 670 2648 portauerant
680 2582 765 2648 (exp.
775 2583 810 2644 D)
822 2581 867 2633 dP
876 2586 987 2648 portant
997 2584 1011 2634 l

95 2655 119 2701 13
127 2647 203 2719 qaae]
214 2651 373 2715 quaequeD
409 2653 439 2701 17
453 2649 565 2701 securas
571 2667 588 2700 a
598 2650 808 2715 supernentibus
815 2666 827 2702 ε
838 2651 926 2701 securi
935 2666 951 2700 a
960 2665 1045 2714 puen·

94 2719 155 2769 tibus
163 2721 189 2770 Π
200 2719 312 2773 securas
320 2733 338 2768 a
350 2718 607 2782 superuenientibus
615 2717 660 2768 dP
707 2721 737 2768 17
751 2719 848 2768 noctes
855 2721 947 2770 lacuna
958 2735 993 2768 ne
1006 2718 1045 2767 di·

95 2786 157 2837 scere
169 2785 345 2851 quereremus
354 2785 385 2836 11
423 2789 454 2837 18
466 2787 548 2836 Haec
561 2802 594 2836 ex
606 2785 654 2834 usu
667 2786 797 2852 librisque
810 2788 835 2836 P
844 2786 870 2835 h.
885 2802 907 2836 e.
919 2801 946 2838 u.
959 2785 1046 2836 libris-

95 2870 137 2919 quq
149 2854 177 2906 Α*
189 2855 215 2909 h.
230 2869 255 2904 e.
269 2869 296 2904 u.
309 2854 326 2903 l.
341 2853 492 2918 quath.
506 2855 554 2904 usu
567 2852 767 2917 librisqueaih.
783 2869 816 2902 ex
827 2852 907 2902 libris
917 2851 1011 2916 quesl
1018 2853 1044 2908 h.

32 2929 34 2990 l
96 2922 204 2973 exlibris
212 2921 343 2972 discenda
356 2919 420 2983 (dic.
433 2921 469 2985 L)
483 2935 555 2985 quae
569 2922 670 2985 iuulgo
718 2923 749 2972 19
767 2920 933 2986 aegentibus
942 2919 1001 2972 e’ll

32 2993 33 3028 ἐ
97 2989 228 3040 lanificiis
236 2988 316 3054 pacis
325 2987 379 3039 ΠΡ
420 2992 451 3040 21
465 2990 590 3054 reparari
617 3004 674 3053 rep.
688 2987 805 3053 possell
845 2991 877 3038 21
890 2989 1046 3040 docemure

98 3057 227 3108 doceamur
238 3055 294 3106 ΠΡ
304 3056 452 3107 doceamus
461 3055 480 3106 d
533 3059 566 3108 23
599 3053 689 3123 uenit]
704 3055 734 3106 Π
784 3053 1036 3124 aedanum]ai111

110 3191 131 3241 S.
144 3194 171 3242 L.
221 3189 478 3256 3perdeleri]·ep
550 3187 759 3257 dipsa]ipsec
834 3187 1044 3256 bdeienlionis]

98 3259 261 3310 descensionis
271 3260 298 3310 Π
354 3255 552 3324 9exercitum]
569 3259 737 3310 exercituH
787 3261 819 3309 14
836 3258 993 3324 conplente

101 3331 123 3376 ll
137 3324 270 3393 aggerem]
286 3342 388 3392 aggere
402 3326 433 3376 H
500 3329 532 3376 lb
551 3323 646 3393 carris]
663 3328 738 3378 caris
747 3342 760 3377 ε
831 3329 863 3376 15
882 3319 986 3385 orbem]
1002 3338 1044 3371 ur·

32 3413 34 3456 3
100 3395 176 3446 bemc
241 3397 274 3444 20
291 3393 805 3459 procul'naberatAprocuraueratH
875 3394 908 3440 20
926 3389 1045 3454 impolli-

32 3479 34 3488 ’
99 3462 142 3513 bile
152 3463 178 3514 ll
242 3465 275 3512 21
293 3459 366 3526 usus]
380 3460 428 3512 usu
441 3459 469 3510 α’
544 3463 576 3510 21
596 3456 751 3525 intercidit]
768 3458 917 3509 intercedit
930 3455 958 3506 α’
972 3458 1046 3506 iuter

100 3532 173 3582 lacuna
185 3529 290 3581 decidit
304 3529 332 3578 Π
692 3537 694 3540 ·
