2500 4034
308 261 465 316 Prsstntio.
499 261 632 314 Codicum
645 279 786 319 recensus.
906 279 1051 358 xxxvii·

47 439 137 477 nonu
153 419 270 476 Jacobs·
284 419 368 476 Curii
383 421 538 476 mandante
553 419 675 493 Alfonso
700 422 730 478 V.
746 437 815 496 reye
829 424 996 495 Arcyonioe
1011 433 1041 482 et

47 509 212 578 utriusque
230 503 352 561 &cilice
367 505 439 561 bene
454 513 608 562 exaratus.
646 505 683 561 ln
695 506 796 580 fronte
811 508 873 563 cod.
888 515 932 564 est
946 513 1041 582 inoao

46 594 126 662 reois
142 591 264 646 armati
278 590 436 662 equitantis
444 592 527 662 picta
542 607 607 646 cum
621 592 781 664 lusionibus
794 594 883 664 realis
896 595 1041 651 subiectis.

46 672 167 731 ‘liuida‘
190 675 307 747 Veoetii
321 672 430 730 Renati
443 675 553 731 comitis
564 675 653 732 Etolii
666 677 819 750 epythona
833 679 1041 735 institutionum

45 761 91 816 rei
111 755 288 816 mititaris’.
333 756 370 813 In
385 761 469 816 calce
490 755 602 816 ‘ilauii
623 759 731 834 Vtyetii
745 763 804 817 uiri
816 761 939 818 illustris
954 767 1037 819 corni-

46 848 81 899 tis
101 847 195 900 Atilii
217 842 373 915 epylhoma
394 844 431 900 tle
449 847 586 900 institutis
607 847 653 900 rei
671 847 805 902 militaris
825 845 894 903 libri
914 849 1041 921 quinque

46 931 227 999 expliciunt
234 925 370 999 feliciter
379 929 415 983 de
427 926 640 988 commentariis
650 931 773 1004 Anyststi
785 930 906 988 Troiani
915 933 1042 1008 Adrioni

46 1013 172 1070 Catonis
196 1011 333 1068 Cornelii
351 1013 427 1068 Celsi
434 1013 633 1071 'Frontinioni
652 1014 777 1072 Paterni
796 1022 824 1072 et
842 1019 965 1074 aliorum
987 1019 1038 1074 ab·

48 1096 187 1154 stracti.
238 1095 283 1168 cs.
299 1095 403 1154 Haase
415 1103 446 1171 ρ’.
465 1097 514 1156 16.

134 1183 172 1238 Χ
179 1182 217 1238 V.
240 1195 323 1238 saec.
338 1187 482 1239 exeuntis.
758 1191 760 1198 '

134 1263 195 1342 89)
222 1265 375 1322 Leidensis
389 1268 455 1323 bibl.
468 1269 547 1340 publ.
563 1266 659 1324 Latin.
677 1267 747 1326 128.

134 1352 302 1409 Accedunt
315 1352 398 1408 nttlti
411 1354 462 1408 olii
473 1337 548 1423 libri,
563 1369 685 1426 quorun
700 1359 824 1410 aetatem
836 1369 892 1409 non
905 1360 1038 1429 comani.

50 1437 239 1511 exquibus
255 1437 414 1508 pterosque
436 1437 615 1510 antiquiores
635 1442 763 1510 catalani
784 1441 918 1511 impressi
934 1455 1036 1498 earum

50 1523 301 1579 bibliothecarum
321 1527 539 1595 successerant,
567 1539 689 1594 quarum
709 1527 889 1581 recentiores
909 1526 1040 1600 cotcloyi

51 1614 101 1663 ant
118 1623 185 1662 non
208 1611 314 1661 entant
328 1611 380 1661 ont
392 1623 411 1661 a
423 1621 467 1662 me
482 1612 513 1663 ut
526 1609 744 1677 inspicerentur
756 1607 826 1678 fieri
837 1626 894 1665 nan
908 1617 1034 1682 poterat.

52 1691 195 1749 Ceterum
211 1691 312 1746 nescio
327 1707 366 1746 an
381 1707 459 1747 nnus
473 1693 586 1748 alterae
602 1692 705 1748 horum
720 1693 857 1750 librorum
872 1699 1035 1752 manuscri-

50 1785 173 1845 ptorum
198 1777 259 1830 iam
274 1789 367 1846 sttpra
383 1793 401 1831 a
417 1776 498 1832 nobis
512 1777 550 1832 sit
564 1779 686 1833 relatus.
732 1776 805 1834 Sunt
827 1785 923 1834 autem
943 1781 974 1835 hi
994 1779 1035 1837 23

54 1877 89 1917 ea·
110 1858 348 1931 Montesalconii
368 1860 536 1916 bibliotheca
563 1862 798 1918 bibliothecarum
822 1865 1033 1936 manuscripto-

54 1965 114 2001 rum
132 1939 169 2023 [9
189 1943 350 2000 Pelaut'cni
363 1941 416 2020 (cf.
431 1959 523 2016 supra
536 1964 567 2018 p.
582 1941 726 2021 XXXII),
746 1946 761 2001 1
778 1949 807 2002 in
823 1947 944 2006 archiuo
957 1949 1035 2006 basi-

54 2032 128 2087 licae
155 2029 193 2086 S.
217 2028 312 2098 Petri,
342 2029 357 2085 1
386 2029 595 2088 Sueco-Vctic.
616 2029 678 2088 519
701 2027 812 2104 (Recin.
833 2047 912 2090 nunc
938 2031 1033 2107 lint),

56 2116 204 2188 lfroym.
219 2116 250 2168 in
270 2115 334 2170 cod.
356 2114 419 2171 loa.
436 2113 574 2172 Solisber.
591 2114 800 2173 Saena-Valle.
818 2117 898 2176 1868
920 2113 1035 2192 (Recio.

56 2217 132 2256 nunc
152 2199 210 2254 Nr.
227 2201 266 2268 l),
292 2198 307 2252 l
329 2197 378 2254 ‘ie
393 2203 458 2255 arte
475 2197 605 2257 militari
628 2200 837 2259 Sesea-Vatis.
861 2201 943 2261 1950
964 2201 1034 2276 (Re-

1 2309 2 2320 *
55 2289 100 2356 oin
122 2299 210 2340 nunc
232 2282 285 2338 Nr.
302 2280 339 2356 l),
368 2289 492 2354 praeter
512 2301 589 2355 eum,
620 2300 703 2358 quem
728 2301 821 2357 supra
839 2288 1033 2358 leodeninus,

1 2401 2 2436 ;
56 2368 404 2433 illontecassincnses,
437 2369 453 2423 1
478 2367 647 2426 Oliuetanus
672 2369 859 2440 (obseruatus
880 2369 1032 2446 Neapolit)

1 2445 2 2514 ξ
57 2455 191 2521 mutilus,
217 2453 280 2508 lin
301 2453 367 2508 bibl.
387 2457 559 2510 monasterii
581 2453 830 2513 Benedictinorun
851 2457 954 2512 beatae
969 2455 1035 2512 Ma·
1083 2486 1086 2492 ·

1 2531 2 2550 ¹
58 2543 119 2594 riae
145 2536 338 2594 Ftorentinne
369 2533 520 2614 (membr),
554 2540 570 2594 1
598 2537 645 2595 ‘cle
669 2541 822 2613 disciplina
848 2539 977 2597 militari'
1002 2545 1034 2599 in

1 2671 2 2674 ,
60 2621 233 2680 bibliotheca
246 2627 366 2693 potrum
377 2623 521 2680 Minorun
533 2623 697 2697 CaesenoeL
705 2641 781 2698 quae
792 2627 855 2684 otim
866 2623 929 2697 fuit
937 2626 1032 2683 Molc-

1 2697 2 2706 ’
60 2713 217 2776 ustorum,
239 2704 309 2781 2(?)
330 2705 470 2764 Manili
489 2705 538 2765 ‘tle
556 2711 710 2780 discipline
730 2708 862 2768 militari'
884 2717 911 2767 et
930 2709 978 2768 ‘de
999 2727 1034 2768 re

60 2791 191 2848 mlitar?
209 2786 261 2865 (cs.
275 2806 368 2863 supra
385 2792 439 2850 tir.
453 2789 519 2868 45),
545 2795 561 2849 1
580 2794 786 2852 comanensis
803 2794 884 2853 1104
901 2791 1033 2869 (Montes.

59 2873 180 2946 111114
186 2873 236 2949 b),
252 2891 336 2949 quem
350 2878 515 2934 desiderari
528 2882 689 2952 catalayus,
704 2883 797 2952 quiin
813 2880 950 2936 Parisino
966 2881 1032 2938 bibl.

1 2981 2 3024 ς
62 2962 247 3030 αάωηιαίαν,
256 2965 473 3033 manuscriptus
484 2969 615 3033 testatur,
624 2971 749 3034 praeter
759 2979 831 3036 eum,
843 2981 926 3038 quern
938 2981 1033 3038 supra

63 3047 218 3116 attulimus,
229 3043 374 3102 emnam.
386 3047 458 3119 lley.
473 3042 614 3122 (recentes
626 3054 697 3106 teste
707 3049 761 3106 Dr.
776 3045 929 3129 Wrioht)]‚·
942 3068 1031 3124 proe-

66 3137 143 3185 terea
153 3129 273 3187 Haenel
281 3131 302 3186 l.
313 3131 332 3186 l.
347 3132 363 3186 1
377 3131 600 3205 Glosyoniensis
610 3137 778 3191 mentionem
785 3135 877 3207 facim
889 3132 1035 3211 ‘Cataiooi

2 3229 3 3264 1
65 3213 216 3271 librarum
237 3214 505 3289 Mnnuscriptarum
520 3219 643 3291 Analiae
665 3226 693 3276 el
708 3220 869 3278 Hiberniae
890 3223 920 3277 in
943 3239 1030 3278 unam

2 3355 3 3362 χ
67 3301 176 3355 collecti
190 3315 257 3356 cnm
270 3301 365 3356 indice
379 3302 562 3373 alphabetico
579 3298 753 3378 (oxoniaee
770 3304 897 3362 Theatra
913 3306 1031 3362 Sheltio-

2 3376 3 3462 }
67 3387 148 3441 niano
163 3400 215 3440 on.
227 3383 444 3442 aommoette
451 3384 530 3458 tin*
545 3391 575 3443 in
588 3389 683 3460 primo
694 3395 776 3459 torno,
789 3394 839 3462 qui
850 3388 1032 3446 oxonienses

2 3469 3 3472 ’
69 3467 236 3537 (Bodleian,
251 3465 364 3544 calleo.)
378 3477 407 3527 et
418 3469 672 3544 Cantabrioienses
683 3477 816 3539 continet,
838 3473 945 3543 Veyetii
954 3475 1030 3528 cotii-

69 3567 113 3608 ces
125 3551 332 3610 bBotlleianos
342 3549 435 3630 (1382
449 3551 703 3630 (nimandans).
732 3553 812 3608 1834
825 3549 899 3625 (otim
907 3553 1030 3624 Diabas-
