2500 4034
221 227 263 292 22
605 228 668 282 urb,
687 230 709 290 1,
729 230 770 278 20.

221 383 346 442 fortasse
372 399 440 440 raro
467 379 636 449 meditanti,
664 379 803 458 [tortasse
830 397 911 438 arma
934 397 1003 439 raro
1025 375 1220 458 tractanti];

223 475 356 528 ceterum
383 464 548 526 cotidianus
573 483 645 525 usus
668 481 726 524 non
749 463 880 533 laborat,
909 465 997 524 etiam
1019 465 1045 522 si
1066 479 1220 522 onerosa

222 552 394 628 gestauerit.
440 549 497 610 Sed
520 548 578 624 illi,
603 552 653 626 qui
669 547 802 609 laborem
818 550 848 608 in
864 548 1021 625 portandis
1038 546 1219 608 ueteribus

223 637 413 695 munimentis
436 652 587 695 armorum
605 635 683 694 lerre
699 651 758 692 non
780 640 922 711 possunt,
945 631 1070 692 detectis
1090 650 1218 710 corpo-

196 717 307 781 ⁵ribus
323 727 352 779 et
372 717 495 779 uulnera
518 720 667 778 sustinere
689 725 836 794 eoguntur
851 726 881 776 et
895 726 1022 778 mortes:
1048 723 1096 786 et,
1122 717 1216 794 quod

223 817 268 866 est
283 807 411 882 grauius,
429 811 479 862 aut
493 803 559 881 capi
574 810 624 862 aut
639 810 722 862 certe
738 803 805 878 iuga
823 801 1035 880 rempublicam
1052 800 1214 879 prodere.

223 891 271 950 Sic
293 889 362 947 dum
386 888 525 946 exercitia
558 886 751 965 laboremque
778 885 944 954 declinant,
972 903 1040 946 oum
1063 886 1213 945 maximo

222 972 368 1034 dedecore
391 969 577 1030 trucidantur
593 979 625 1031 ut
641 971 780 1048 pecudes.
827 971 910 1030 Vnde
926 972 1004 1029 enim
1022 969 1104 1047 apud
1124 973 1211 1030 anti-

223 1074 296 1133 quos
313 1074 416 1116 murus
432 1054 588 1116 dicebatur
601 1055 750 1134 pedestris
766 1056 930 1125 exercitus,
948 1055 1006 1114 nisi
1023 1053 1106 1133 quod
1126 1053 1212 1132 pila·

184 1143 209 1182 1⁰
223 1150 269 1200 tae
291 1139 424 1216 legiones
444 1147 564 1218 praeter
579 1147 662 1201 scuta
679 1141 767 1199 etiam
783 1139 951 1200 catalrautis
967 1137 1126 1216 galeisque
1144 1138 1210 1200 lul·

222 1223 349 1302 gebantl
373 1243 466 1304 usque
488 1243 538 1292 eu,
565 1233 598 1285 ut
618 1225 761 1302 sagittarii
783 1225 904 1284 sinistra
927 1223 1047 1284 brachia
1069 1225 1211 1282 manicis

222 1312 424 1377 munirentur;
449 1309 565 1388 pedites
586 1317 683 1370 autem
706 1310 813 1368 scutati
833 1317 953 1385 praeter
974 1307 1157 1368 catafractas
1176 1316 1209 1366 et

222 1393 320 1472 galeas
336 1395 424 1454 etiam
440 1396 554 1454 terreas
570 1412 674 1454 ocreas
689 1395 719 1453 in
733 1393 846 1454 dextris
862 1391 1002 1453 cruribus
1013 1398 1207 1470 cogerentur

222 1481 368 1557 accipere.
398 1478 448 1537 Sic
464 1485 548 1538 erant
564 1479 669 1539 muniti
683 1476 735 1546 illi,
754 1478 850 1553 quiin
867 1478 961 1554 prima
978 1478 1042 1536 acie
1058 1493 1207 1554 pugnan-

183 1559 209 1599 ¹⁵
224 1570 268 1621 tes
287 1563 454 1640 principes,
477 1563 507 1621 in
530 1562 659 1622 secunda
681 1562 804 1629 hastati,
828 1563 859 1620 in
881 1563 968 1621 tertia
990 1561 1085 1621 triarii
1110 1579 1205 1622 voea-

222 1645 339 1706 bantur.
386 1645 443 1704 Sed
465 1647 562 1705 triarii
583 1646 707 1724 genibus
726 1647 831 1724 positis
852 1644 988 1705 solebant
1008 1647 1087 1706 intra
1110 1653 1200 1705 scuta

222 1729 391 1799 subsidere,
417 1737 586 1792 restantes
608 1730 837 1791 uulnerarentur
860 1729 1050 1790 uenientibus
1069 1728 1140 1789 telis
1159 1737 1201 1799 et,

223 1833 289 1874 cum
312 1817 473 1875 necessitas
497 1814 688 1890 postulasset,
710 1823 861 1892 tamquam
883 1816 1009 1893 requieti
1032 1813 1203 1874 uehemen-

222 1900 280 1956 tlus
295 1899 474 1958 inuaderent
488 1897 599 1967 hostes,
616 1918 632 1958 a
648 1900 757 1978 qulbus
772 1906 889 1960 constat
903 1917 993 1978 saepe
1008 1900 1116 1959 laetam
1131 1917 1201 1960 esse

183 1985 209 2026 2⁰
226 1983 395 2050 uictoriam,
419 2000 486 2043 cum
508 1981 614 2043 hastati
635 1984 679 2044 illi
700 1991 729 2045 et
744 1986 795 2062 qui
810 1986 925 2062 priores
940 1989 1086 2043 steterant
1101 1985 1200 2043 inter-

222 2068 325 2126 issent.
356 2066 448 2126 Erant
462 2074 562 2127 tamen
579 2068 656 2146 apud
673 2076 790 2128 ueteres
805 2070 885 2128 inter
900 2068 1026 2147 pedites,
1044 2069 1095 2143 qui
1111 2066 1200 2127 dice-

224 2151 331 2210 bantur
346 2149 422 2211 leuis
437 2160 615 2220 armaturae,
634 2151 800 2213 funditores
816 2161 845 2212 et
860 2154 1024 2219 ferentarii,
1040 2153 1090 2228 qui
1106 2170 1195 2229 prae·

223 2235 310 2312 cipue
326 2236 356 2295 in
373 2235 514 2296 cornibus
538 2235 712 2297 locabantur
728 2243 757 2295 et
773 2255 788 2295 a
805 2235 913 2314 quibus
929 2237 1197 2314 pugnaudisume·

224 2318 312 2380 batur
335 2319 505 2388 exordium:
533 2321 585 2381 sed
602 2319 632 2380 lri
655 2329 684 2380 et
705 2319 884 2381 uelocissimi
906 2329 935 2380 et
956 2321 1196 2382 exercitatissimi

185 2401 411 2480 allegabantur.
455 2404 516 2465 Nec
532 2413 617 2466 erant
632 2404 789 2466 admodum
807 2404 907 2474 multi,
932 2405 983 2483 qui
999 2405 1195 2472 cedentessi
1243 2441 1244 2452 ,

223 2487 328 2565 proelii
355 2491 516 2548 necessitas
543 2486 740 2566 conpulisset,
765 2491 844 2550 inter
871 2491 1018 2569 principia
1042 2488 1192 2567 legionum

240 2655 273 2704 V.
285 2653 316 2703 L.
372 2653 509 2704 lsortaise
527 2669 587 2704 raro
604 2655 751 2705 meditanti
769 2657 883 2708 fortasse
898 2673 974 2707 arma
987 2673 1050 2707 raro
1059 2658 1192 2706 tractanti
1242 2695 1243 2708 ,

225 2719 302 2770 Ad?
345 2721 366 2772 1.
379 2737 399 2770 r.
414 2737 448 2773 m.
470 2720 488 2770 1.
503 2737 564 2771 roro
584 2737 660 2772 erma
677 2725 811 2774 tractanti
832 2725 853 2786 (l
875 2731 900 2774 ia
913 2729 929 2774 l.
945 2743 981 2775 er.
997 2725 1065 2790 le
1092 2725 1110 2774 1.
1128 2740 1190 2773 raro

226 2803 252 2838 a.
266 2789 399 2837 tractanti
435 2787 727 2841 f.rar·omeditantiD
763 2792 782 2841 1.
797 2807 860 2842 raro
875 2809 900 2842 a.
916 2791 1091 2842 tractantili
1122 2793 1189 2842 imme

227 2854 246 2903 1,
270 2869 332 2904 raro
355 2871 379 2909 a.
403 2861 437 2906 tr.
461 2863 499 2906 est
519 2859 652 2922 ploranda,
692 2859 711 2908 1.
735 2874 798 2910 raro
820 2861 969 2910 meditanti
987 2862 1123 2924 genuinum.

226 2921 462 2986 egelrannum?
518 2927 533 2974 6
548 2925 614 2990 iuga
627 2941 710 2990 remp.
725 2942 746 2977 π
768 2927 865 2988 fugere
886 2928 987 2992 (fugire
1001 2928 1045 2988 M)
1058 2925 1155 2992 rempb.
1169 2944 1189 2976 α
1241 2929 1242 2946 ³

226 2989 324 3051 ingere
342 2994 371 3038 et
386 3006 407 3040 r.
427 2990 481 3054 ΟΡ(
566 2995 581 3042 7
601 2993 760 3044 exercitium
780 2997 819 3045 εΡ
903 2998 935 3046 13
954 2995 1060 3046 ferreas
1074 2999 1099 3044 et
1115 2995 1191 3044 ereas

227 3055 324 3104 ocreas
333 3057 362 3106 H
419 3059 449 3106 16
468 3058 630 3110 interleute
643 3062 714 3112 DPG
778 3063 808 3110 19
829 3058 1010 3128 [a]quibule
1068 3060 1185 3128 ethius]

227 3117 384 3187 hiietjun
421 3124 527 3174 ethiP
593 3128 790 3189 2lietiuterQ

245 3273 271 3324 S.
287 3273 317 3326 L.
382 3275 588 3326 2cottidianus
601 3279 637 3328 M
710 3279 844 3331 honerosa
862 3283 901 3331 εΡ
975 3279 1183 3347 emuntmentts]

229 3340 406 3391 monimentis
416 3341 445 3392 Π
495 3343 711 3396 blusteuered'
765 3347 878 3414 mortes}
895 3350 970 3400 artes
979 3351 1014 3402 M
1062 3351 1184 3414 ilaputA

297 3411 312 3458 ll
331 3405 433 3476 murus]
449 3409 540 3461 muros
550 3409 580 3460 A’
652 3415 683 3464 13
701 3413 808 3465 ferreas
819 3417 929 3466 locreal
937 3419 959 3467 Α
1026 3417 1056 3467 15
1073 3415 1146 3468 astuti
1157 3418 1186 3468 Π

296 3477 325 3524 at
348 3475 458 3538 aprrrtd'
485 3475 590 3544 (epidi)
659 3481 775 3545 pedetei
784 3485 817 3534 M
885 3484 1011 3534 athila
1077 3485 1182 3536 tecum-

231 3539 382 3604 pulillutss
