2500 4034
494 197 555 248 cru.
573 199 595 259 1,
615 200 639 248 r.
658 202 682 250 e.
1030 201 1066 261 11

52 361 160 414 tutum
184 352 226 410 in
247 349 398 410 Sertorio
422 351 581 428 praecipue
603 357 719 411 constat
739 369 803 414 esse
819 351 980 413 laudatum.
1019 353 1066 414 lu·

54 445 179 498 uentus
206 437 321 502 enim,
355 435 403 494 cui
428 431 561 495 defensio
584 435 822 514 prouinciarum,
850 440 899 498 cui
920 436 1065 498 bellorum

54 531 101 582 est
119 517 368 583 committenda
384 517 518 588 fortuna,
540 528 570 580 et
583 537 710 597 genere,
727 522 752 580 si
767 521 851 600 copia
868 531 1018 600 suppetat,
1037 532 1065 583 et

56 605 211 667 moribus
240 603 343 664 debet
364 602 522 664 excellere.
567 603 712 665 Honestas
733 607 812 666 enim
831 605 972 667 idoneum
988 607 1064 667 mili-

57 703 122 751 tem
148 689 288 756 reddit,
314 689 512 756 uerecundia,
534 687 604 749 dum
620 687 760 768 prohibet
774 691 893 768 lugere,
915 688 984 752 iacit
1000 704 1090 752 esset

59 778 243 836 uictorem.
294 772 374 841 Ouid
391 775 469 832 enim
486 772 620 851 prodest,
643 775 668 833 si
684 782 857 834 exerceatur
870 776 1012 852 ignauus,
1038 777 1062 835 si

58 860 215 939 pluribus
248 857 411 936 stipendiis
431 864 565 918 moretur
586 860 617 917 in
639 859 762 918 castris?
792 859 958 939 Numquam
980 877 1061 920 exer·

59 947 144 1006 citus
168 943 308 1022 proiicit
329 950 477 1021 tempore,
500 943 584 1002 cuius
599 943 630 1002 iu
646 941 807 1020 probandis
822 942 969 1005 tironibus
985 943 1065 1004 clau·

61 1029 183 1089 dicarit
209 1027 339 1088 electio.
385 1026 421 1086 Et
438 1034 578 1103 quantum
594 1045 650 1087 usu
666 1029 937 1105 experimentisque
954 1047 1063 1106 coguo-

62 1117 192 1180 uimus.
220 1111 301 1171 hinc
322 1119 367 1170 tot
391 1110 503 1189 ubique
523 1111 560 1172 ab
582 1110 718 1171 hostibus
732 1110 841 1172 inlatae
862 1122 930 1172 sunt
951 1112 1059 1181 clades,
1076 1135 1100 1183 lo

65 1199 143 1258 dum
161 1196 265 1273 longa
283 1213 341 1274 pax
357 1194 481 1255 militem
496 1196 676 1256 incuriosius
692 1194 771 1273 legit,
789 1196 860 1256 dum
876 1197 1063 1258 honestiores

65 1281 189 1361 quique
208 1277 317 1342 ciuilia
333 1280 611 1348 secernuntur,
634 1280 705 1341 dum
720 1280 825 1340 indicti
840 1280 1062 1357 possessoribus

66 1370 194 1427 tirones
213 1384 276 1444 per
292 1366 417 1441 gratiam
434 1371 484 1424 aut
498 1364 766 1426 dissimulationem
781 1362 972 1442 probantium
987 1363 1062 1425 tales

68 1453 244 1512 sociantur
260 1451 367 1517 armis,
384 1447 485 1526 quales
501 1449 612 1509 domini
628 1448 738 1509 habere
755 1447 916 1509 fastidiunt.
961 1451 984 1510 Α
1001 1468 1061 1510 ma·

69 1539 141 1614 guis
159 1551 244 1612 ergo
262 1535 336 1593 uiris
352 1551 517 1612 magnaque
533 1533 683 1609 diligenda
698 1532 821 1594 idoneos
837 1533 905 1611 eligi
921 1537 1061 1594 conuenit
1075 1555 1099 1596 15

71 1622 231 1680 iuniores.
282 1616 353 1676 Vlll.
393 1617 450 1677 Sed
472 1637 531 1678 non
553 1619 650 1678 statim
673 1620 792 1696 punctis
814 1619 965 1696 signorum
988 1620 1061 1680 scri·

73 1705 200 1765 brndus
228 1711 275 1763 est
298 1704 355 1762 tiro
377 1701 516 1770 dilectus,
545 1720 650 1762 uerum
674 1712 741 1762 ante
763 1703 903 1762 exercitio
931 1711 1061 1781 pentem·

75 1789 234 1869 piandus,
261 1793 307 1854 ut,
340 1793 438 1847 utrum
461 1805 533 1846 uere
560 1793 641 1846 tanto
662 1787 746 1864 operi
771 1795 857 1865 aptus
884 1788 937 1857 sit,
968 1788 1062 1865 possit

76 1873 221 1951 agnosci.
260 1870 298 1931 Et
312 1869 455 1931 uelocitas
470 1873 500 1930 in
517 1870 567 1930 illo
583 1870 762 1948 requirenda
778 1871 897 1931 uidetur
912 1879 942 1931 et
957 1869 1058 1939 robur,

79 1969 108 2018 et
130 1967 243 2018 utrum
272 1973 422 2018 armorum
449 1954 634 2034 disciplinam
664 1954 795 2015 ediscere
819 1955 929 2024 ualeat,
960 1963 1099 2025 utrumn

78 2041 194 2102 lrabeat
212 2039 421 2100 confidentiam
442 2038 608 2100 militarem.
653 2038 792 2118 Plerique
809 2040 903 2108 enim,
927 2040 1061 2117 quamuis

82 2145 146 2186 nou
178 2122 384 2204 improbabiles
420 2123 576 2184 uideantur
605 2126 636 2184 iu
666 2126 779 2202 specie,
817 2132 916 2184 tamen
947 2124 1061 2203 experi-

82 2212 199 2270 mentis
229 2207 450 2288 conprobantur
479 2207 601 2286 indigni.
648 2207 834 2286 Repudiandi
865 2226 936 2286 ergo
962 2211 1061 2268 miuus

83 2295 176 2355 utiles
199 2296 280 2353 etin
303 2292 401 2354 locum
429 2311 533 2354 eorum
554 2295 751 2354 strenuissimi
778 2291 960 2370 subrogandi
981 2301 1059 2352 suot.

85 2380 119 2440 lu
136 2380 224 2438 omni
245 2378 325 2438 enim
348 2377 486 2439 conflictu
507 2385 641 2438 nontam
658 2376 782 2456 prodest
796 2375 954 2437 multitudo
971 2392 1057 2452 quam
1073 2398 1098 2438 ea

87 2466 198 2524 uirtus.

105 2632 137 2680 l'.
150 2631 186 2680 L.
239 2627 387 2680 ldeieule
405 2629 435 2680 Π
491 2627 674 2680 'lmoriturH
692 2628 846 2690 mereturQ
870 2634 976 2680 mereat
988 2630 1060 2682 Mod.

90 2698 148 2751 Sol.
163 2699 211 2760 (ex
225 2697 285 2748 cod.
300 2697 405 2760 Guetpb.
420 2695 447 2760 c)
516 2695 725 2764 8profieitrr’Q
760 2697 910 2762 prolecito
951 2695 1061 2762 proficit

89 2783 157 2816 com.
177 2768 203 2814 in
221 2765 384 2830 profecitP
451 2761 586 2831 tempore]
611 2763 880 2829 temporebelliQP
968 2765 1062 2814 13eut

89 2833 159 2892 aru]
174 2849 206 2884 ec
220 2832 281 2882 dili.
296 2830 314 2882 ὃ
332 2831 484 2895 probantur
501 2831 529 2883 Π
598 2831 664 2882 Car.
679 2833 753 2882 Vlll.
791 2833 822 2882 16
834 2830 1024 2881 inscribendus
1033 2829 1063 2880 H

92 2905 164 2966 uulgo
244 2903 274 2950 17
295 2898 418 2964 dilectus]
443 2898 568 2951 delectus
585 2898 615 2950 π’
697 2898 942 2964 praetemptandui'
956 2899 996 2950 eP

93 2970 121 3019 te
139 2971 220 3018 tento
252 2967 392 3027 tautqu
460 2966 643 3018 uideeturdG
663 2965 1059 3032 (eedinboec.at⁹inl.er.)

161 3037 194 3086 20
228 3032 267 3100 et]
282 3039 373 3084 utrum
386 3033 417 3085 ri’
487 3037 519 3084 22
540 3029 591 3100 [in]
612 3033 736 3100 specied
759 3033 877 3100 iuspP
899 3035 1060 3102 inspeciem

93 3102 163 3156 Mod.
232 3097 387 3168 nr[in]1i

107 3259 131 3304 «δ’.
147 3256 177 3305 L.
243 3255 259 3303 b
279 3251 385 3318 fugere]
399 3253 490 3320 fugire
503 3251 531 3303 oc'
593 3255 608 3304 8
627 3253 655 3302 in
668 3251 755 3319 prob]
769 3252 960 3318 improbandis
970 3252 1007 3315 111

92 3325 106 3370 9
123 3317 251 3386 ignauus]
265 3321 385 3386 ignauos
393 3324 424 3386 A,
485 3323 516 3371 13
535 3320 649 3386 tirones]
665 3321 787 3371 atironei
797 3320 903 3384 (Scbtie)
917 3317 944 3367 Π
978 3318 1059 3382 talei]

93 3387 193 3440 ialilor’
255 3387 412 3443 cluunt.
461 3389 492 3438 18
505 3386 545 3453 ut]
563 3387 635 3439 etit
696 3389 859 3452 iitroborp
928 3387 960 3434 22
980 3400 1060 3450 repu-

93 3454 195 3522 diandi]
212 3471 245 3506 re
267 3455 353 3505 uendi
369 3457 406 3508 M
437 3455 605 3521 repudiando
619 3453 648 3504 Π
695 3457 745 3506 23
763 3452 861 3518 locum]
882 3452 943 3502 locu
961 3455 990 3515 A,

93 3524 123 3574 tt
139 3473 265 3590 prodeid
280 3523 366 3590 prude
380 3523 420 3574 en
434 3527 464 3588 Α,
