2500 4034
257 257 346 306 xxvl
496 244 651 299 Praelatio.
688 243 820 296 (lodicum
839 258 979 298 recensus.
1081 295 1087 302 ,

261 405 372 474 sumpsi
391 404 451 458 uiri
468 403 624 466 doctissimi
642 400 688 460 llu
704 401 793 466 litam·
812 419 872 476 qen
892 404 968 460 enim
989 403 1039 459 illc
1065 408 1116 459 eet
1134 403 1225 459 eximi

255 485 447 556 humanitate,
461 492 615 560 postquam
630 488 666 544 de
687 490 806 546 consilio
828 502 889 544 meo
912 485 1019 560 eman
1032 488 1155 546 edendi
1174 503 1225 542 cae

257 574 367 628 certior
387 577 431 628 est
448 571 565 643 sactus,
585 573 676 629 mulla
698 587 752 629 sua
768 574 804 630 de
827 572 937 646 Vegetii
949 572 1107 630 codicibus
1130 575 1225 644 script

257 673 318 712 unc
331 671 396 714 cum
408 657 503 713 maltis
515 657 715 714 collationibus
727 659 804 714 ultro
817 658 857 713 ad
869 671 913 712 me
928 659 1012 713 misit.
1040 655 1225 714 Contulerur

256 746 353 798 autem
373 741 453 798 bunc
473 742 600 797 codicem
620 735 686 812 p‘ost
701 740 748 797 Du
763 742 838 799 Rieu
854 739 1074 815 Zanpemeister
1098 746 1194 814 atque
1216 744 1225 795 i

254 840 348 882 meum
363 839 446 882 usum
460 824 514 880 Dr.
530 824 702 882 diridet-icus
717 824 828 898 Sollic,
849 843 867 881 a
882 843 939 900 quo
954 827 1039 882 etiam
1057 819 1226 896 eucerplui

254 909 329 966 illud
347 909 437 966 Valle.
455 909 521 966 Vll.
536 923 615 966 saec.
632 914 857 981 transscriplam
871 911 981 975 babeas
1000 911 1080 967 idem
1103 909 1226 974 Vaticai

254 991 349 1063 4493,
361 997 411 1066 qai
424 995 494 1050 mibi
504 995 583 1050 dubii
596 997 781 1064 creationes
795 1009 905 1052 mecum
920 999 1157 1052 accuratissime
1169 997 1226 1050 conl

255 1079 424 1134 municauit.
464 1078 512 1134 Ita
528 1082 638 1150 euenit,
654 1085 696 1149 ut,
712 1095 776 1135 cum
791 1079 902 1136 duobus
915 1081 1048 1138 Palatini
1061 1079 1133 1139 909
1152 1081 1226 1140 celtu

255 1162 379 1220 tionibus
400 1179 418 1217 a
439 1162 487 1218 lin
509 1161 585 1219 Rieu
612 1170 640 1219 et
661 1164 757 1221 Scittio
778 1162 923 1236 consectis
943 1171 1118 1222 crematas
1137 1179 1226 1222 essem

254 1250 405 1304 rarissime
424 1250 510 1305 tectio
530 1248 617 1304 buius
637 1249 745 1306 codicis
764 1252 795 1305 in
815 1250 900 1306 dubio
921 1251 1169 1324 relinqueretur,-
1196 1249 1226 1305 ul

254 1339 352 1388 aulem
366 1332 550 1390 nibilominus
563 1333 595 1389 id
607 1339 650 1390 est
662 1334 785 1405 factum,
803 1335 894 1390 nota?
918 1335 1131 1392 iudicauimus.
1175 1335 1226 1390 Hm

255 1417 369 1488 codice,
387 1423 477 1488 prout
498 1420 577 1498 fieri·
589 1419 710 1488 licebat,
736 1421 765 1475 in
786 1419 907 1476 eundem
929 1420 1041 1478 modum
1066 1435 1146 1477 usus
1167 1435 1226 1476 sum

253 1518 312 1575 quo
328 1503 475 1559 codicibus
489 1501 556 1558 AM.

341 1585 370 1642 7.
404 1585 427 1641 V
431 1580 459 1658 *J
473 1605 519 1634 =
540 1587 699 1643 Vaticanus
712 1585 811 1658 4493,
834 1591 874 1644 in.
887 1587 941 1660 fol.
959 1590 1034 1657 mim,
1056 1587 1140 1647 ΧΠ.
1155 1594 1224 1645 saec

253 1673 389 1744 quamuis
407 1678 551 1728 accurate
572 1677 599 1726 et
619 1672 772 1745 diligenter
791 1676 829 1730 ac'
849 1675 922 1730 satis
936 1679 1073 1730 correcte
1093 1674 1168 1746 fere
1185 1689 1226 1729 ea¹

140 1743 146 1765 '
254 1761 368 1823 aratus,
390 1761 486 1812 tamen
506 1759 674 1828 saepissime
690 1756 807 1829 simpulo
829 1763 971 1815 commata
992 1762 1226 1816 terminationem

253 1840 437 1897 similitudine
455 1842 559 1912 lapsus
579 1843 688 1898 eatittit
734 1840 846 1900 Desinit
865 1845 894 1898 in
909 1841 965 1911 IV,
987 1841 1028 1900 39
1044 1843 1089 1916 cf.
1111 1842 1183 1911 156,
1201 1840 1217 1896 2

253 1927 341 1981 etiam
355 1925 526 1996 capitulatio
540 1927 608 1982 libri
620 1926 673 1983 IV
690 1943 746 1984 non
761 1929 841 1984 ultra
862 1933 953 1997 caput
968 1925 1008 1984 39
1026 1929 1226 2003 pregreditur

251 2015 412 2082 praeterea
431 2011 509 2066 inter
520 2010 574 2081 fol.
591 2009 609 2067 6
625 2017 653 2066 et
668 2011 686 2067 7
703 2028 792 2068 amum
812 2012 922 2070 cncidit
940 2011 1043 2083 folium
1060 2009 1118 2092 (cf.
1132 2030 1166 2085 p.
1183 2009 1227 2106 21,

253 2092 294 2149 21
308 2100 336 2150 et
345 2092 395 2164 25
405 2092 435 2150 8
437 2092 446 2163 )
477 2093 533 2162 Qui
546 2095 641 2152 codem
656 2111 721 2152 eum
736 2111 812 2153 unus
827 2111 867 2152 em
882 2099 995 2167 optimis
1008 2099 1045 2154 sil
1061 2115 1102 2154 ac
1117 2095 1227 2176 dipnns,

252 2180 304 2252 qui
316 2181 420 2236 iterum
435 2195 521 2250 quam
536 2180 752 2252 diligentissime
763 2183 940 2250 excutiatur,
954 2181 1036 2237 band
1044 2179 1227 2268 superfluum

250 2269 322 2334 puto
337 2264 476 2320 nonncdla
492 2265 532 2320 ad
546 2265 782 2338 orthographiam
796 2265 883 2321 buius
896 2265 967 2321 libri
979 2270 1149 2338 spectantia
1166 2259 1227 2335 spei

253 2349 369 2418 cimina,
384 2363 460 2421 quae
471 2346 518 2406 na
529 2347 605 2406 Rieu
620 2353 777 2422 excerpsit,
789 2365 968 2421 proponere.
1013 2349 1114 2408 belisia
1130 2357 1160 2407 et
1174 2345 1227 2404 bele

254 2433 333 2504 lietu,
349 2431 459 2504 molior,
472 2433 633 2505 eincinetns,
649 2433 756 2506 theseli,
773 2435 893 2508 quintio,
910 2435 1050 2508 quotiens,
1067 2435 1227 2510 adquirere,

251 2516 374 2589 adgredi,
390 2533 509 2587 resumo,
525 2516 673 2588 ascribere,
688 2517 900 2592 amminiculum,
913 2519 1048 2592 aspicere,
1061 2521 1224 2594 adgregare

252 2601 395 2672 adtentus,
410 2609 556 2674 etenunre,
573 2601 733 2674 adnectere,
749 2611 896 2674 annotare,
912 2602 1051 2676 adsolere,
1067 2605 1225 2678 adportare.

251 2683 437 2756 edsuelncere,
454 2685 599 2760 replicare,
615 2703 763 2761 apponere.
799 2687 916 2761 andelle,
933 2690 1083 2762 proulntie,
1100 2685 1224 2745 inficiari.

252 2768 356 2828 indutie.
389 2768 491 2844 Gneus,
508 2779 581 2844 tyro,
597 2770 697 2846 lyber,
713 2772 823 2845 tideus,
840 2781 977 2848 epytornn,
994 2771 1136 2844 llliricum,
1153 2770 1223 2842 olym

252 2871 332 2912 corr.
345 2857 375 2910 in
392 2854 473 2928 olim,
489 2854 610 2929 clipeus,
626 2857 796 2929 nonnullus,
814 2865 939 2932 myrtus,
955 2856 1084 2931 Pirrlnns,
1100 2854 1222 2916 eilinder.

251 2941 382 3011 sescenti,
398 2955 502 3012 xerses,
518 2949 673 3014 expectere,
689 2942 818 3014 existere,
831 2943 1002 3016 extlnguere,
1013 2957 1137 3013 merere,
1148 2937 1221 2996 sede-

252 3025 316 3080 cim.
345 3039 483 3096 conexus,
505 3026 669 3100 conplures,
685 3041 859 3102 conponere,
876 3043 1041 3101 conparere,
1057 3024 1220 3102 conpellere,

251 3105 393 3181 conplere.
429 3107 597 3181 inlecebrae,
613 3109 782 3185 inmergere,
799 3110 948 3183 inminere,
965 3111 1180 3186 inpedimentum
1195 3109 1221 3160 el

251 3191 485 3266 impedimentum,
502 3188 615 3266 inlutus,
631 3195 810 3269 inpossibilis,
827 3195 949 3268 inbuere,
966 3195 1102 3271 inpulsus,
1119 3195 1220 3268 inpres-

251 3277 310 3348 sio,
326 3277 499 3352 inrumpere,
515 3280 641 3351 inruere,
659 3279 782 3352 inbellis,
800 3281 969 3355 lnpngnnre,
985 3280 1117 3354 inligare,
1133 3279 1217 3350 inpar,

251 3361 407 3435 inportare,
424 3361 541 3437 inpune,
558 3365 732 3438 inprouisus,
748 3366 879 3438 inpensa
902 3381 1059 3439 surrogere,
1077 3368 1218 3422 summotu-

319 3543 514 3610 ddnxb
