2500 4034
486 162 548 213 mu.
568 165 595 226 r,
614 165 638 217 a.
1027 163 1044 225 γ

165 315 232 375 Ill.
263 315 403 393 Sequitur,
421 323 463 384 ut,
479 323 578 375 utrum
595 313 634 374 de
648 315 726 392 agris
742 333 778 376 an
795 315 831 376 de
847 313 972 376 urbibus
990 317 1045 376 uti-

57 406 125 461 tior
146 403 227 460 tiro
240 401 285 467 sit,
307 403 497 478 requiramus,
542 399 584 459 De
601 417 657 478 qua
680 411 764 478 parte
780 419 939 480 numquam
955 401 1044 462 credo

56 487 228 566 protexisse
245 483 358 544 dubitari
379 487 524 563 aptiorem
541 487 631 545 armis
653 487 795 546 rusticam
812 483 943 564 plebem,
968 503 1042 563 quae

58 571 127 632 sub
149 568 235 629 diuo
248 579 272 629 et
290 571 317 629 io
331 568 433 630 labore
449 570 592 638 nutritur,
614 569 683 628 solis
699 571 828 649 patiens,
854 569 977 631 umbrae
993 589 1044 631 ue·

58 657 230 735 glegens
249 652 410 715 balnearum
431 655 545 723 nescia,
569 653 740 714 deliciarum
763 655 879 732 ignara,
903 655 1070 732 simplicis5

59 742 199 806 animi,
218 756 301 816 paruo
322 747 474 807 contenta,
497 738 609 799 duratis
631 739 666 799 ad
682 757 801 800 onmem
817 737 954 800 laborum
972 739 1045 800 tole·

62 825 219 886 cantiam
241 814 390 893 m‘embriS,
419 826 467 884 cui
493 832 609 900 gestare
633 825 761 892 lerrum,
790 823 900 886 lessam
927 823 1044 895 ducere,

65 927 165 972 onus
187 907 258 968 lerre
274 908 454 968 consuetudo
472 908 510 968 de
525 925 596 968 rure
613 919 665 970 est.
710 907 863 969 Interdum
879 917 976 970 tamen
993 928 1045 970 ne·

63 996 211 1055 cessitas
228 994 311 1071 exigit
330 995 419 1054 ctiam
442 991 572 1054 urbanos
596 992 632 1053 ad
656 1011 738 1054 arma
760 992 901 1073 conpelli,
928 996 979 1074 qui
994 993 1045 1054 ubi

64 1095 198 1139 nomen
212 1077 313 1138 dedere
328 1078 465 1144 militiae,
483 1079 611 1156 primum
626 1076 771 1148 laborare,
789 1078 960 1147 decurrere,
976 1098 1044 1158 por·
1060 1109 1083 1146 10

67 1177 150 1224 tare
183 1163 288 1241 pondus
319 1172 347 1223 et
377 1160 470 1223 solem
507 1163 722 1242 puiueremque
751 1165 832 1224 serre
863 1162 1043 1232 condiscant,

70 1266 179 1328 parco
197 1249 269 1308 uictu
288 1255 411 1308 utantur
426 1256 455 1306 et
468 1248 594 1316 rustico,
618 1247 767 1307 interdum
789 1246 844 1307 sub
867 1247 937 1307 diuo
953 1250 1045 1308 iuter·

71 1336 161 1392 dnm
182 1331 231 1392 sub
255 1331 454 1411 papilionibus
480 1342 713 1392 commorentur.
759 1330 842 1391 Tunc
867 1331 985 1391 demum
1010 1332 1045 1392 ad

72 1435 171 1478 usum
186 1417 351 1478 erudiantur
366 1435 532 1485 armorum,
550 1425 593 1486 et,
611 1419 635 1476 si
650 1415 767 1494 longior
783 1416 932 1496 expeditio
949 1435 1044 1478 emer·

74 1505 146 1579 git,
169 1503 196 1562 in
215 1503 337 1580 agrariis
358 1501 519 1580 plurimum
543 1501 695 1562 detinendi
715 1509 785 1562 sunt
807 1499 970 1580 proculque
994 1501 1045 1562 ba·
1060 1514 1090 1560 ra,

78 1586 208 1646 bendia
229 1589 357 1648 ciuitatis
383 1585 557 1652 inlecebris,
586 1595 617 1645 ut
643 1604 678 1645 eo
704 1585 792 1646 modo
819 1596 848 1646 et
868 1586 1044 1666 corporibus

80 1690 186 1732 eorum
199 1671 292 1732 robur
308 1671 430 1732 accedat
446 1679 474 1730 et
489 1672 605 1731 animis.
643 1670 703 1731 Nec
718 1671 903 1732 infitiandum
921 1680 964 1732 est
979 1681 1046 1750 post

83 1754 184 1816 urbem
210 1757 361 1817 conditam
382 1756 530 1816 Romanos
551 1773 587 1816 ex
608 1755 728 1816 ciuitate
754 1756 904 1834 proiectos
927 1773 1046 1834 semper

81 1839 127 1900 ari
138 1839 254 1911 beilum;
271 1839 325 1900 sed
342 1849 411 1900 tunc
425 1838 514 1900 nullis
529 1839 643 1901 deliciis
658 1839 887 1918 frangebantur,
905 1839 1043 1902 sudorem

82 1943 166 1986 rursu
186 1935 215 1986 et
235 1927 397 2004 campestri
424 1927 565 1986 exercitio
593 1923 750 1986 collectum
776 1927 915 1987 iuuentus
939 1935 1044 1987 natans
1058 1948 1083 1986 au

85 2007 213 2071 abluebat
227 2013 259 2070 io
276 2009 391 2077 Tiberi,
415 2009 493 2069 idem
510 2008 652 2079 bellator,
674 2009 752 2070 idem
769 2008 914 2088 agricola,
936 2029 1046 2088 genera

84 2103 188 2155 tantum
209 2095 343 2155 mutabat
364 2111 528 2163 armorum;
553 2094 631 2172 quod
654 2113 748 2174 usque
770 2094 842 2155 adeo
864 2113 967 2156 uernrrr
991 2105 1045 2164 est,

90 2188 119 2236 ut
131 2183 222 2240 aranti
238 2181 378 2252 Quinctio
395 2179 569 2240 Cincinnato
585 2178 759 2240 dictaturam
776 2188 892 2242 constet
908 2179 1044 2242 oblatam.

88 2261 125 2323 Er
138 2267 214 2342 agris
236 2282 311 2342 ergo
326 2262 525 2340 subpiendum
544 2263 636 2324 robur
651 2266 811 2344 praecipue
827 2264 946 2326 uidetur
962 2283 1046 2325 exer-

94 2383 282 2392 ——a—...-.———

104 2432 128 2482 l'.
138 2434 167 2484 L.
204 2432 274 2482 Cur.
291 2432 342 2482 111.
397 2434 460 2481 lut
472 2435 524 2482 uir.
538 2431 706 2482 Sclrwebeiz'ue
724 2435 755 2482 at
768 2437 821 2482 utr.
839 2433 865 2481 V
886 2429 938 2496 [ut]
956 2436 1046 2481 utrum

90 2499 167 2550 curn
256 2501 428 2564 2reqoiram
446 2498 475 2550 Π
582 2498 737 2566 aperiens]
757 2517 783 2566 p.
802 2499 906 2551 eastum
924 2499 970 2560 QP

90 2565 236 2634 lumbrae]
262 2568 378 2618 imbrem
401 2567 451 2620 Ed.
474 2567 588 2618 Romano
615 2568 741 2618 imbrium
770 2569 875 2619 Modico
901 2566 1047 2619 Oudendor-

86 2637 137 2698 pirf
214 2630 425 2702 b[baluearum
443 2662 475 2674 -
491 2633 601 2701 ignara]
620 2633 647 2683 Π
747 2635 912 2701 simplicitas
925 2635 955 2686 H

86 2719 195 2784 bparuo
214 2723 347 2770 contenta
365 2719 459 2781 cion
529 2709 701 2772 laborde
753 2719 919 2772 laboremi'l
977 2721 1046 2771 tola·
1111 2719 1113 2724 '

86 2785 209 2838 rantiali
271 2789 301 2837 11
317 2791 345 2836 ei
358 2785 514 2838 soiemdc't
526 2788 581 2838 ΕΡ
644 2791 674 2838 12
688 2804 774 2853 paruo
787 2787 831 2838 dP
892 2791 923 2839 13
937 2793 994 2838 tum
1007 2787 1046 2849 Qo

89 2857 112 2905 15
127 2858 156 2906 in
170 2855 299 2920 angariis
308 2856 348 2906 εΡ
433 2858 463 2906 19
482 2853 539 2920 sed]
552 2855 580 2906 hi
593 2853 622 2905 ll
696 2856 780 2906 nullis
788 2855 978 2921 uoluptatibus
987 2856 1047 2906 nui-

85 2921 112 2972 lii
119 2923 229 2975 deliciis
237 2921 268 2974 π’
340 2925 373 2973 20
392 2923 468 2974 curin
483 2929 510 2974 et
528 2922 674 2989 campestri
692 2924 823 2974 exercitio
837 2921 877 2984 dQ
915 2924 1047 2975 cursume

86 2991 224 3057 campestri
241 2991 411 3042 exercitione
446 2992 523 3040 curlo
542 2996 570 3041 et
588 3008 611 3041 c.
626 2992 828 3042 exercitatione
842 2991 873 3044 H
884 3007 907 3046 c.
923 2998 951 3042 et
964 3009 986 3046 c.
1001 3008 1047 3044 ex-

84 3069 232 3126 efficatiam
248 3077 275 3125 P
336 3074 434 3141 [cursu]
448 3092 462 3126 e
477 3091 563 3141 camp.
582 3091 623 3125 ex.
636 3078 754 3139 srrspicor
827 3074 939 3143 natans]
954 3076 1047 3127 nando

81 3159 111 3192 en
121 3144 232 3194 naudus
239 3159 309 3194 erae.
324 3143 344 3204 Q
413 3147 444 3192 21
458 3145 486 3192 in
500 3141 598 3194 Tiberi
612 3142 641 3193 Π
701 3147 733 3194 ·23
748 3141 882 3210 oblatam]
898 3143 1008 3196 Persius
1019 3150 1047 3193 et

83 3213 178 3278 trepida
191 3221 259 3261 ante
273 3211 360 3260 bonel
368 3211 531 3262 dictatorem
544 3212 634 3261 induit
646 3227 712 3260 uxor
725 3218 753 3262 et
765 3218 813 3262 tua
829 3219 924 3263 aratra
937 3212 1044 3260 domum

86 3277 157 3330 lictor
170 3279 235 3330 tulit
248 3282 340 3329 inserit
353 3278 382 3328 H

97 3431 120 3482 S,
133 3433 163 3485 L.
201 3431 337 3483 Gralll.
373 3429 758 3497 oeontentatconremptail
793 3433 823 3480 17
837 3401 1047 3478 infieigndumrl

83 3500 255 3552 inficiandum
270 3499 342 3564 tipo
411 3501 442 3548 et
463 3499 632 3564 TyberiAH
700 3490 971 3562 slsnppiendumll
