2520 4044
213 231 253 295 75
606 231 668 282 nn.
687 229 742 292 ιιι,
761 232 786 279 o.

212 385 286 446 Nam
309 382 527 460 quodammodo
548 385 610 462 ipse
631 384 676 442 sui
690 382 826 461 proditor
841 381 995 442 inuenitur
1015 383 1101 442 cuius
1115 399 1220 460 spe-

213 468 326 530 culator
352 469 441 528 luerit
461 467 498 528 nb
519 468 696 528 aduersariis
717 464 950 544 conprehensus.
996 464 1090 526 Primi
1110 483 1217 542 ergo

214 555 328 630 equites
349 555 406 613 iter
427 554 584 631 arripiant,
612 551 720 610 deindo
740 549 870 629 pedites,
892 551 1094 628 inpedimento
1116 567 1212 626 sag-

213 640 298 698 marii
322 637 442 700 calones
464 635 660 713 uehiculaque
680 637 713 696 in
734 634 831 694 medio
853 634 1063 703 conlocentur,
1091 637 1137 695 ita
1164 643 1212 692 ut
1237 637 1238 712 l

187 723 349 801 serpentia
379 739 449 800 pars
479 721 611 799 peditum
636 728 667 779 et
690 719 824 796 equitum
853 717 1063 798 subsequatur.
1109 718 1211 780 Nam
1237 717 1238 768 l

213 806 434 868 ambulantibus
454 804 605 864 interdum
625 804 744 883 quidem
766 823 782 863 a
805 804 902 863 lronte
923 804 975 863 sed
996 803 1212 880 frequentius
1237 833 1238 836 κ

213 911 229 952 a
250 901 335 968 tergo
363 897 562 967 superuentus
587 889 723 949 iulertur.
768 892 791 948 Α
812 887 954 948 lateribus
979 905 1098 966 quoque
1118 891 1208 966 pari

213 982 395 1036 armatorum
416 991 503 1034 manu
519 972 721 1051 iupedimenta
738 971 902 1032 claudenda
917 982 999 1040 sunt;
1023 990 1095 1032 narn
1110 973 1206 1032 insi-

213 1059 341 1120 diatores
366 1068 555 1118 transuersos
580 1057 755 1133 frequenter
776 1058 938 1117 incursant.
983 1055 1059 1118 lllud
1082 1065 1204 1116 tomen

174 1167 199 1205 ιο
212 1144 371 1222 praecipue
386 1142 568 1202 seruandum
584 1149 637 1210 est,
648 1149 680 1202 ut
695 1160 729 1201 ea
746 1159 824 1219 pars,
843 1141 878 1200 ad
895 1159 982 1219 quom
998 1140 1094 1200 bostis
1108 1159 1202 1199 ueu-

215 1237 298 1288 turus
319 1227 463 1292 creditur,
485 1226 629 1305 obpositis
649 1225 819 1286 lectissimis
841 1224 989 1303 equitibus
1008 1235 1037 1284 et
1059 1222 1121 1284 leni
1139 1244 1201 1284 ar·
1238 1219 1239 1234 ¹

214 1321 330 1373 matura
345 1329 463 1372 necnon
479 1313 567 1372 etiam
579 1310 729 1389 peditibus
741 1311 899 1386 sagittariis
911 1310 1070 1370 munietur.
1097 1309 1201 1379 Quod

214 1400 238 1458 si
254 1397 386 1473 undique
398 1396 677 1457 circumlunduotur
692 1396 813 1463 inimici,
827 1394 958 1470 undique
972 1392 1082 1453 debent
1094 1411 1199 1470 prae-

214 1492 316 1560 parata
339 1498 403 1540 esse
422 1479 561 1541 subsidio.
607 1479 650 1540 Ne
672 1497 745 1538 uero
768 1480 942 1556 repentinus
957 1477 1106 1538 tumultus
1123 1496 1201 1538 am-

176 1579 201 1619 15
215 1565 291 1644 plius
306 1572 420 1633 noceat,
437 1571 505 1625 ante
521 1563 729 1624 commonendi
745 1572 814 1623 sunt
829 1563 946 1630 milites,
964 1570 997 1623 ut
1011 1563 1110 1640 parati
1126 1565 1194 1622 sint
1239 1554 1240 1648 l

215 1652 329 1716 animo,
354 1657 387 1707 ut
409 1649 537 1706 armaio
553 1647 690 1707 manibus
705 1646 843 1708 habeant.
889 1647 922 1708 ln
938 1647 1120 1707 necessitate
1137 1666 1199 1707 su-
1239 1649 1240 1726 Τ

215 1732 274 1793 bita
292 1750 365 1809 quoe
381 1739 570 1801 conterrent,
596 1734 716 1810 prouisa
734 1749 793 1792 non
815 1731 911 1791 solent
932 1750 998 1791 esse
1018 1731 1193 1792 formidini.

214 1817 334 1894 Antiqui
350 1817 575 1894 diligentissime
591 1816 819 1894 praecanebant,
836 1834 874 1875 ne
889 1836 905 1877 a
921 1815 1074 1876 calonibus
1087 1817 1192 1876 inter·

217 1902 285 1961 dnm
302 1902 465 1961 uulneratis
479 1901 627 1960 interdum
644 1900 818 1962 timentibus
835 1910 864 1961 et
879 1901 1035 1978 sagmariis
1050 1899 1193 1960 clamore

232 2069 309 2122 V.L.
345 2069 469 2117 3indes
515 2065 830 2133 segmarricalonirq3H
870 2063 1189 2134 5N.embul.[int.q.]

217 2137 335 2187 eironte
347 2131 417 2201 [led]
430 2133 625 2198 frequentem
670 2139 685 2186 8
698 2135 872 2184 insidiatores
880 2134 1047 2185 transuersos
1053 2133 1192 2198 frequen·
1240 2141 1241 2154 ³

214 2209 258 2254 ter
267 2201 407 2254 incursent
417 2203 447 2254 H
455 2200 502 2254 ins.
514 2202 722 2253 transuerlullr.
733 2203 858 2268 expulsat
867 2201 897 2263 ἃς
910 2203 976 2252 donc
985 2205 1116 2252 lectionem
1126 2219 1189 2252 cor·

214 2275 328 2321 rectione
340 2278 366 2320 et
377 2272 549 2320 additamento
560 2273 696 2335 moryincli
707 2272 742 2320 od
754 2273 769 2320 l.
782 2273 894 2320 codicum
905 2272 1059 2334 scripturam
1072 2266 1188 2334 (impul-

214 2338 276 2389 sent
287 2339 323 2402 P)
340 2341 472 2389 reuocauit
485 2339 509 2388 P
524 2337 573 2388 ins.
592 2341 621 2388 in
639 2339 694 2388 alio
711 2339 772 2389 loco
790 2337 928 2402 inpellant
946 2335 1118 2388 transuersos
1132 2337 1188 2387 fro-

216 2427 334 2488 quenler
345 2423 452 2474 incuria
464 2409 532 2490 (unt
547 2423 579 2486 G)
590 2441 608 2472 α
621 2423 668 2473 ins.
681 2425 711 2472 in
724 2423 778 2472 elio
791 2422 853 2471 loco
868 2421 1008 2484 inpullant
1018 2419 1193 2472 transuersos

149 2545 152 2552 Ι
216 2491 378 2556 frequenter
393 2491 562 2540 incursanti.
580 2491 658 2544 inlid.
674 2493 703 2540 in
722 2491 777 2541 elio
794 2489 855 2539 loco
872 2488 1012 2553 inpulicnt
1028 2487 1187 2540 transuerso

216 2558 376 2622 frequenter
392 2557 500 2606 incursu
519 2557 690 2620 (inserendum
700 2559 752 2620 fuit
770 2557 818 2605 ulii
830 2564 890 2621 poet
908 2555 998 2618 iniid.)
1014 2555 1084 2604 Edit.
1096 2555 1186 2608 Golon.

217 2627 291 2674 1524.
362 2627 394 2674 10
412 2624 502 2672 hostel
511 2624 644 2672 uenturos
653 2622 693 2686 (·0
707 2625 738 2686 A)
752 2623 811 2675 ot'll
881 2626 911 2674 12
930 2624 1088 2673 muniantur
1100 2623 1128 2674 Π

217 2693 249 2742 13
269 2687 551 2757 [circum]fnndnntur
563 2690 593 2740 H
666 2694 697 2740 16
715 2691 737 2740 I.
750 2707 777 2739 n.
791 2691 809 2740 l.
824 2706 893 2755 quae
907 2696 1067 2741 conterrent
1080 2706 1092 2740 s
1105 2689 1186 2752 (unde

216 2760 272 2824 quis
289 2757 379 2808 subite
397 2757 521 2821 quaeque
539 2760 669 2821 tenendum
686 2759 801 2821 censeat)
820 2759 837 2806 i.
851 2775 878 2809 n.
897 2758 985 2808 lubitu.
1004 2755 1056 2823 lq]
1072 2764 1180 2808 conter-

216 2831 277 2876 rent
290 2824 308 2875 d
322 2827 438 2888 sortasse
454 2827 564 2880 reclino·
580 2827 643 2876 illud
659 2841 729 2891 quoe
746 2832 828 2876 autem
845 2842 878 2875 ex
893 2829 1029 2891 marginali
1040 2833 1099 2875 nota
1111 2827 1181 2876 inre-

216 2929 299 2990 psisse
308 2930 399 2991 putori
409 2933 494 2991 potest
551 2928 582 2976 16
604 2899 817 2976 ΝεῐιεοεΠίῐιιιε
832 2926 878 2988 (L3
898 2890 1033 2976 ll⁰necesn
1048 2923 1079 2988 Q)
1093 2926 1182 2978 lubitu

217 2999 427 3044 oonterreantur
437 2995 600 3052 (terrentur
610 2993 641 3056 Q)
653 2997 667 3044 l
681 3010 715 3044 ne
728 2993 890 3043 necestitate
903 2995 994 3044 subite
1006 2993 1180 3044 consternan-

217 3069 261 3110 tur
274 3061 304 3112 Π
318 3063 347 3109 in
363 3061 553 3112 neceli'rtetem
571 3062 659 3112 subita
676 3077 728 3126 que
748 3063 897 3125 terreotP1
911 3077 945 3110 ne
958 3061 1146 3112 neceffitntem
1159 3064 1177 3112 l.

218 3145 242 3193 q.
255 3133 411 3177 terreantur
422 3130 456 3193 P,
527 3133 557 3180 17
577 3129 693 3194 prouisa.
718 3129 777 3178 Non
790 3129 855 3191 (non
868 3128 898 3191 Q)
915 3129 957 3180 sst

236 3280 261 3330 S.
282 3280 313 3332 L.
367 3283 380 3328 1
400 3278 609 3346 quodammodo]
626 3279 816 3344 quodndmodo
830 3278 858 3329 o’
938 3277 1074 3346 proditor]
1087 3280 1175 3343 prode·

217 3353 262 3397 tur
274 3349 309 3400 M
319 3347 443 3412 proditur
455 3350 486 3412 A,
555 3351 570 3397 2
590 3346 801 3412 comprehensus
811 3347 837 3398 Π
906 3353 921 3398 3
940 3348 1079 3412 impedim.
1094 3347 1122 3398 H

216 3418 233 3465 4
251 3411 393 3481 uehicula]
413 3415 566 3465 nllehicula
579 3418 615 3467 M
629 3415 767 3466 ulehiculo
781 3415 811 3478 A,
898 3419 914 3465 5
933 3415 1071 3479 impedim.
1086 3415 1113 3465 Π

219 3485 248 3531 11
268 3483 401 3548 oppositis
409 3482 473 3536 ΜΠ
535 3487 566 3533 18
586 3481 704 3548 antiqui]
721 3483 806 3546 antiq.
819 3483 856 3532 M
914 3486 944 3533 18
963 3481 1172 3548 diligentissime—l

217 3550 418 3614 diligentissimi
431 3554 462 3614 A,
534 3553 566 3600 18
585 3547 739 3615 colonibus]
756 3549 898 3600 colonibus
908 3549 936 3598 α’
